4390 6060
930 811 977 888 15

13 997 20 1138 Ἰ
154 1034 353 1124 acceperuut
387 1020 486 1117 idque
520 1018 670 1116 ejusdem
703 1018 837 1094 Alcuiui
871 1039 974 1118 opera
1008 1020 1215 1117 potissimum
1249 1017 1373 1093 iactum
1407 1039 1485 1094 esse
1519 1019 1756 1096 existimamus.

14 1175 20 1262 j
154 1165 217 1238 Hic
241 1166 329 1237 enim
354 1158 408 1234 ubi
436 1167 544 1232 aetate
570 1163 830 1255 ingravescente
855 1159 889 1231 in
915 1155 1028 1231 Sancti
1048 1155 1183 1232 Martini
1205 1157 1442 1230 monasterium
1463 1153 1553 1256 apud
1573 1155 1757 1233 Turonen-

18 1399 21 1411 .
154 1325 224 1396 scs,
249 1299 373 1398 quoda
399 1319 483 1393 rege
504 1305 692 1394 acceperat,
716 1291 914 1386 secessit,⁸³‘
940 1299 974 1369 in
1000 1293 1065 1368 boc
1090 1295 1293 1368 monasterio
1319 1293 1480 1370 bonarum
1507 1297 1626 1369 artium
1650 1293 1758 1372 studin

13 1514 19 1540 ³
156 1462 230 1514 cum
263 1459 376 1511 rerum
401 1435 584 1509 divinarum
611 1431 726 1508 studiis
754 1434 929 1528 conjuncta
955 1431 1074 1507 codem
1091 1430 1189 1507 modo
1207 1427 1484 1525 rettoruerum,⁸⁰
1512 1455 1579 1531 quo
1595 1433 1629 1507 in
1644 1430 1758 1510 schola

13 1663 16 1678 .
154 1576 301 1650 Palatina
327 1584 425 1649 autea
450 1572 537 1646 idern
563 1580 637 1644 crat
662 1579 834 1644 assecutus
856 1568 1037 1663 Alouinus3
1064 1591 1172 1668 neque
1194 1566 1329 1644 dubium
1349 1578 1413 1664 est,
1438 1571 1518 1666 quin
1538 1569 1623 1645 baec
1643 1569 1760 1648 schotn

13 1685 16 1782 J
155 1717 225 1789 vim
250 1712 426 1790 salutarem
452 1735 546 1786 suam
572 1712 606 1782 iu
632 1708 777 1822 reliquus
805 1704 932 1782 Galliae
958 1711 1154 1807 praesertim
1180 1707 1316 1784 scholas
1342 1709 1387 1782 ita
1413 1711 1622 1804 exercuerit,
1654 1719 1692 1785 ιιι
1715 1705 1759 1786 ad

156 1852 252 1946 hujus
280 1850 453 1949 exeruplnr
478 1871 517 1923 sc
543 1845 757 1921 conformare
792 1853 892 1942 atque
924 1849 958 1921 in
984 1845 1135 1920 omnibus
1160 1844 1332 1921 literarum
1357 1844 1472 1921 studiis
1497 1845 1588 1920 illam
1615 1867 1760 1944 aequare

13 2069 16 2080 ,
156 1987 334 2066 studerent.
387 1986 457 2060 Sed
483 1985 566 2060 hacc
592 1988 703 2059 omnin
738 1986 893 2082 persequi
928 2006 1027 2079 quum
1053 2007 1073 2056 a
1099 1993 1216 2057 nostro
1241 1986 1388 2058 instituto
1415 1983 1560 2058 alienum
1586 1985 1628 2059 sit
1652 2006 1780 2084 uenus¹

13 2091 16 2122 ⁷
157 2130 289 2202 omnino
314 2149 376 2224 per
401 2125 498 2218 hujus
525 2126 685 2198 orationis
712 2125 881 2218 angustias
903 2121 1077 2196 commode
1098 2119 1171 2196 tieri
1196 2124 1320 2221 possit:
1347 2125 1383 2194 in
1407 2121 1459 2196 bis
1484 2121 1703 2217 subsistimus,
1726 2122 1761 2197 id

13 2235 15 2372 ζ
156 2267 267 2360 utique
293 2285 390 2360 quam
415 2264 561 2335 inaximo
587 2259 765 2335 tenendum
792 2281 868 2334 csse
893 2263 973 2335 rati:
999 2259 1065 2332 buc
1089 2259 1204 2334 schola
1229 2262 1264 2335 iu
1289 2255 1401 2342 Caroli
1416 2258 1531 2357 Magni
1552 2260 1678 2338 Palatio
1698 2281 1760 2336 rc·

13 2375 15 2400 ’
158 2405 313 2479 suscitata
347 2399 574 2494 bonarumque
609 2401 728 2472 artium
761 2395 876 2472 studiis
901 2397 978 2470 iude
1003 2401 1127 2473 renatis
1153 2400 1290 2473 omniuo
1316 2399 1468 2510 etinctum
1494 2421 1593 2492 esse,
1618 2408 1655 2474 ut
1677 2397 1762 2474 baec

157 2544 229 2640 ipsa
254 2537 415 2614 bonarum
442 2541 560 2611 artium
585 2535 712 2629 studia,
744 2559 830 2634 quac
856 2559 931 2611 cum
956 2540 1163 2634 antiquorum
1188 2539 1390 2637 scriptorum
1416 2535 1532 2616 studiis
1560 2535 1646 2613 adeo
1671 2559 1760 2612 cou-

154 2680 267 2772 juncta
291 2687 378 2770 sunt,
403 2686 441 2750 ut
465 2675 576 2752 diuclli
601 2697 740 2774 prorsus
767 2685 942 2772 nequeant,
969 2683 1098 2748 retenta
1124 2683 1158 2748 ct
1183 2674 1226 2749 nd
1252 2674 1353 2750 medii
1373 2677 1452 2752 aevi
1477 2685 1629 2776 tempora
1649 2683 1764 2750 ιιιιιε-

159 2817 279 2910 missa,
313 2824 347 2889 et
372 2837 447 2888 cum
473 2811 671 2912 aliquamdiu
697 2812 852 2910 neglectu
872 2815 1045 2908 jacerent,
1080 2813 1215 2889 saeculo
1248 2812 1377 2890 decimo
1403 2817 1516 2911 quinto
1544 2813 1653 2888 denuo
1679 2833 1765 2912 pro·

159 2960 283 3045 tracta,
315 2955 525 3046 ingruentem
550 2949 739 3026 barbariem
765 2949 969 3026 cohibuerint
996 2973 1161 3048 omneque
1194 2959 1332 3029 nostrae
1358 2951 1570 3047 cruditionis,
1604 2971 1689 3049 quas
1720 2947 1764 3026 ub

160 3093 300 3186 antiquis
327 3089 542 3189 scriptoribus
569 3087 718 3165 colendis
743 3087 973 3188 proficiscitur,
998 3088 1247 3164 tundamentum
1274 3091 1572 3167 conservaverint:
1608 3085 1696 3186 quod
1719 3109 1766 3163 nc

160 3227 227 3302 ullo
251 3227 350 3303 ruodo
377 3226 595 3304 labefactetur
614 3249 706 3304 noua
722 3224 875 3302 barbarie
893 3230 1082 3324 ingruente,
1106 3226 1203 3304 nobis
1222 3251 1321 3326 quam
1337 3229 1553 3305 mortuaest
1570 3225 1764 3306 cauendum.

786 3537 797 3546 ι
825 3537 1141 3551 -n--o-—u———n———n-r·

263 3786 338 3861 dam
364 3787 407 3862 ad
433 3811 474 3862 ea
500 3811 553 3862 me
580 3799 796 3883 convertant,
831 3811 916 3886 quae
951 3786 1083 3862 dicendi
1118 3792 1332 3864 occasionem
1368 3787 1502 3862 omnino
1532 3783 1765 3886 praebuerunt,

162 3929 384 4024 expositurus,
411 3949 496 4024 quae
521 3928 729 4004 Academiae
755 3937 890 4002 nostrae
916 3926 1096 4000 acciderint
1122 3949 1211 4000 anuo
1233 3926 1462 4026 praeterlapso
1487 3925 1564 4002 siue
1584 3923 1672 3999 laetu
1692 3923 1767 4001 sivo

161 4066 276 4157 tristia,
302 4074 339 4139 ut
363 4089 474 4139 rerum
501 4066 717 4142 humanarum
744 4067 809 4140 tert
834 4063 991 4158 conditio,
1023 4065 1184 4164 simulque
1209 4066 1456 4139 renuntiaturus
1481 4064 1616 4139 nomina
1640 4083 1768 4156 eorum,

163 4204 218 4300 qui
242 4205 277 4276 in
301 4204 532 4278 certaminibus
547 4205 760 4279 Academicis
788 4201 953 4277 CAROLI
977 4201 1205 4278 FRIDERIGI
1230 4201 1451 4277 munificentia
1468 4199 1510 4274 ad
1526 4197 1769 4276 instaurandam

162 4363 255 4417 suam
282 4344 475 4416 memoriam
501 4341 639 4417 conditis
665 4341 809 4441 pnbnam
834 4350 1054 4439 reportarunt

264 4477 448 4553 Academia
464 4488 578 4554 nostra
593 4505 614 4554 a
630 4479 721 4554 Divo
740 4477 920 4554 cnuoto
941 4477 1183 4554 FRIDERIGO
1205 4487 1403 4574 restaurata,
1429 4475 1472 4553 ub
1493 4476 1567 4573 ejus
1589 4497 1769 4555 successo-

163 4613 253 4690 ribus
280 4624 376 4689 aucta
401 4625 436 4690 et
462 4617 560 4711 elata,
586 4620 700 4692 intimo
727 4617 862 4694 uincudo
888 4641 963 4692 cum
989 4627 1059 4693 totu
1083 4617 1272 4717 Principum
1299 4615 1401 4694 domo
1426 4638 1466 4694 sc
1491 4618 1538 4691 itu
1563 4616 1770 4710 conjunctam

162 4755 271 4846 sentit,
297 4762 333 4826 ut
356 4752 509 4851 quidquid
524 4753 600 4830 buic
626 4753 794 4850 acciderit,
820 4755 853 4831 id
878 4754 921 4830 ad
946 4778 986 4832 sc
1012 4779 1144 4854 quoque
1169 4759 1339 4855 pertinere
1366 4757 1542 4831 existimet
1593 4753 1667 4828 Jam
1691 4745 1771 4850 quid

162 4892 290 4984 laetius,
317 4891 394 4990 quid
406 4891 593 4990 jucundius,
619 4892 698 4993 qutrt
712 4897 839 4992 gratius
862 4893 1016 4971 accidere
1033 4897 1140 4995 potuit
1154 4897 1272 4969 nuntio
1300 4893 1342 4968 de
1359 4889 1600 4968 FRIDERIOO
1617 4889 1770 4990 Principe

164 5039 279 5108 nostro
296 5031 538 5108 matrimonium
555 5035 676 5110 inituro
694 5057 770 5109 cum
794 5030 939 5129 LUlSA,
963 5035 1167 5113 serenissimi
1193 5034 1356 5134 Principis
1382 5031 1607 5109 Berussorum
1631 5025 1772 5106 berett-
