<?xml version="1.0" encoding="UTF-8"?>
<!DOCTYPE html PUBLIC "-//W3C//DTD XHTML 1.0 Transitional//EN"
    "http://www.w3.org/TR/xhtml1/DTD/xhtml1-transitional.dtd">
<html xmlns="http://www.w3.org/1999/xhtml" xml:lang="en" lang="en">
 <head>
  <title>
</title>
<meta http-equiv="Content-Type" content="text/html;charset=utf-8" />
  <meta name='ocr-system' content='tesseract 3.04.00' />
  <meta name='ocr-capabilities' content='ocr_page ocr_carea ocr_par ocr_line ocrx_word'/>
</head>
<body>
  <div class='ocr_page' id='page_1' title='image "./deliterarumstud00bhgoog_0049.png"; bbox 0 0 4390 6060; ppageno 0'>
   <div class='ocr_carea' id='block_1_1' title="bbox 1268 736 1319 812">
    <p class='ocr_par' dir='ltr' id='par_1_1' title="bbox 1268 736 1319 812">
     <span class='ocr_line' id='line_1_1' title="bbox 1268 736 1319 812; baseline 0.02 -1"><span class='ocrx_word' id='word_1_1' title='bbox 1268 736 1319 812; x_wconf 81' lang='lat'><strong>22</strong></span> 
     </span>
    </p>
   </div>
   <div class='ocr_carea' id='block_1_2' title="bbox 487 940 2095 1180">
    <p class='ocr_par' dir='ltr' id='par_1_2' title="bbox 487 940 2095 1180">
     <span class='ocr_line' id='line_1_2' title="bbox 487 940 2093 1044; baseline 0.001 -26"><span class='ocrx_word' id='word_1_2' title='bbox 487 940 548 1018; x_wconf 81' lang='lat' dir='ltr'><strong>Ab</strong></span> <span class='ocrx_word' id='word_1_3' title='bbox 560 941 682 1017; x_wconf 84' lang='lat' dir='ltr'><strong>&#39;ordine</strong></span> <span class='ocrx_word' id='word_1_4' title='bbox 698 942 1070 1042; x_wconf 85' lang='lat' dir='ltr'><strong>philosophorum</strong></span> <span class='ocrx_word' id='word_1_5' title='bbox 1087 941 1173 1018; x_wconf 92' lang='lat' dir='ltr'><strong>duae</strong></span> <span class='ocrx_word' id='word_1_6' title='bbox 1187 953 1411 1042; x_wconf 90' lang='lat' dir='ltr'><strong>proponuntur</strong></span> <span class='ocrx_word' id='word_1_7' title='bbox 1427 947 1657 1040; x_wconf 78' lang='lat' dir='ltr'><strong>quaestiones3</strong></span> <span class='ocrx_word' id='word_1_8' title='bbox 1683 944 1788 1019; x_wconf 86' lang='lat' dir='ltr'><strong>attera</strong></span> <span class='ocrx_word' id='word_1_9' title='bbox 1805 965 1852 1017; x_wconf 88' lang='lat' dir='ltr'><strong>ex</strong></span> <span class='ocrx_word' id='word_1_10' title='bbox 1866 943 2093 1044; x_wconf 72' lang='lat' dir='ltr'><strong>philosophiae</strong></span> 
     </span>
     <span class='ocr_line' id='line_1_3' title="bbox 487 1079 2095 1180; baseline 0.002 -27"><span class='ocrx_word' id='word_1_11' title='bbox 487 1129 495 1136; x_wconf 96' lang='lat'>-</span> <span class='ocrx_word' id='word_1_12' title='bbox 593 1079 741 1156; x_wconf 85' lang='lat' dir='ltr'><strong>Eraatur</strong></span> <span class='ocrx_word' id='word_1_13' title='bbox 767 1103 788 1154; x_wconf 92' lang='lat' dir='ltr'><strong>c</strong></span> <span class='ocrx_word' id='word_1_14' title='bbox 814 1080 957 1155; x_wconf 82' lang='lat' dir='ltr'><strong>fontibus</strong></span> <span class='ocrx_word' id='word_1_15' title='bbox 983 1091 1081 1180; x_wconf 90' lang='lat' dir='ltr'><strong>atque</strong></span> <span class='ocrx_word' id='word_1_16' title='bbox 1112 1079 1370 1174; x_wconf 72' lang='lat' dir='ltr'><strong>demonstretur,</strong></span> <span class='ocrx_word' id='word_1_17' title='bbox 1400 1081 1515 1179; x_wconf 78' lang='lat' dir='ltr'>quihus</span> <span class='ocrx_word' id='word_1_18' title='bbox 1548 1086 1582 1154; x_wconf 93' lang='lat' dir='ltr'><strong>in</strong></span> <span class='ocrx_word' id='word_1_19' title='bbox 1615 1081 1715 1156; x_wconf 87' lang='lat' dir='ltr'><strong>rebus</strong></span> <span class='ocrx_word' id='word_1_20' title='bbox 1746 1080 1904 1156; x_wconf 87' lang='lat' dir='ltr'><strong>Leibnizii</strong></span> <span class='ocrx_word' id='word_1_21' title='bbox 1931 1081 2095 1177; x_wconf 88' lang='lat' dir='ltr'><strong>doctrina,</strong></span> 
     </span>
    </p>
   </div>
   <div class='ocr_carea' id='block_1_3' title="bbox 463 1197 2093 1318">
    <p class='ocr_par' dir='ltr' id='par_1_3' title="bbox 463 1195 2093 1318">
     <span class='ocr_line' id='line_1_4' title="bbox 463 1197 2093 1318; baseline 0.002 -27"><span class='ocrx_word' id='word_1_22' title='bbox 463 1259 494 1294; x_wconf 87' lang='lat'><strong>·.</strong></span> <span class='ocrx_word' id='word_1_23' title='bbox 595 1242 694 1318; x_wconf 86' lang='lat' dir='ltr'><strong>quam</strong></span> <span class='ocrx_word' id='word_1_24' title='bbox 720 1219 762 1292; x_wconf 91' lang='lat' dir='ltr'><strong>de</strong></span> <span class='ocrx_word' id='word_1_25' title='bbox 788 1197 982 1294; x_wconf 83' lang='lat' dir='ltr'><strong>monadibus</strong></span> <span class='ocrx_word' id='word_1_26' title='bbox 1008 1219 1154 1316; x_wconf 79' lang='lat' dir='ltr'><strong>protudit,</strong></span> <span class='ocrx_word' id='word_1_27' title='bbox 1181 1244 1254 1294; x_wconf 89' lang='lat' dir='ltr'><strong>cum</strong></span> <span class='ocrx_word' id='word_1_28' title='bbox 1279 1221 1445 1318; x_wconf 86' lang='lat' dir='ltr'><strong>Spinozae</strong></span> <span class='ocrx_word' id='word_1_29' title='bbox 1471 1218 1512 1292; x_wconf 90' lang='lat' dir='ltr'><strong>de</strong></span> <span class='ocrx_word' id='word_1_30' title='bbox 1537 1217 1719 1294; x_wconf 86' lang='lat' dir='ltr'><strong>substantia</strong></span> <span class='ocrx_word' id='word_1_31' title='bbox 1747 1218 1890 1294; x_wconf 90' lang='lat' dir='ltr'><strong>decretis</strong></span> <span class='ocrx_word' id='word_1_32' title='bbox 1917 1229 2093 1316; x_wconf 74' lang='lat' dir='ltr'>congruat,</span> 
     </span>
    </p>
   </div>
   <div class='ocr_carea' id='block_1_4' title="bbox 384 1355 2143 2981">
    <p class='ocr_par' dir='ltr' id='par_1_4' title="bbox 384 1355 2143 2981">
     <span class='ocr_line' id='line_1_5' title="bbox 489 1355 2092 1460; baseline 0.001 -30"><span class='ocrx_word' id='word_1_33' title='bbox 489 1372 493 1380; x_wconf 85' lang='lat'>&#39;</span> <span class='ocrx_word' id='word_1_34' title='bbox 593 1359 629 1430; x_wconf 91' lang='lat' dir='ltr'><strong>in</strong></span> <span class='ocrx_word' id='word_1_35' title='bbox 656 1355 772 1460; x_wconf 88' lang='lat' dir='ltr'><strong>quihus</strong></span> <span class='ocrx_word' id='word_1_36' title='bbox 800 1355 935 1432; x_wconf 87' lang='lat' dir='ltr'><strong>diderat.</strong></span> <span class='ocrx_word' id='word_1_37' title='bbox 989 1356 1194 1455; x_wconf 81' lang='lat' dir='ltr'>Quamquam</span> <span class='ocrx_word' id='word_1_38' title='bbox 1220 1361 1510 1432; x_wconf 70' lang='lat' dir='ltr'><strong>commentationes</strong></span> <span class='ocrx_word' id='word_1_39' title='bbox 1536 1378 1557 1429; x_wconf 87' lang='lat' dir='ltr'><strong>e</strong></span> <span class='ocrx_word' id='word_1_40' title='bbox 1582 1357 1788 1456; x_wconf 88' lang='lat' dir='ltr'><strong>philosophia</strong></span> <span class='ocrx_word' id='word_1_41' title='bbox 1806 1359 2019 1456; x_wconf 85' lang='lat' dir='ltr'><strong>depromptae</strong></span> <span class='ocrx_word' id='word_1_42' title='bbox 2035 1356 2092 1431; x_wconf 86' lang='lat' dir='ltr'><strong>la-</strong></span> 
     </span>
     <span class='ocr_line' id='line_1_6' title="bbox 487 1493 2093 1591; baseline 0.001 -22"><span class='ocrx_word' id='word_1_43' title='bbox 487 1543 490 1547; x_wconf 88' lang='lat'>·</span> <span class='ocrx_word' id='word_1_44' title='bbox 593 1498 663 1569; x_wconf 91' lang='lat' dir='ltr'><strong>tino</strong></span> <span class='ocrx_word' id='word_1_45' title='bbox 690 1516 846 1570; x_wconf 88' lang='lat' dir='ltr'><strong>sermone</strong></span> <span class='ocrx_word' id='word_1_46' title='bbox 876 1493 1140 1568; x_wconf 83' lang='lat' dir='ltr'><strong>conscribendae</strong></span> <span class='ocrx_word' id='word_1_47' title='bbox 1166 1505 1260 1586; x_wconf 88' lang='lat' dir='ltr'><strong>sunt,</strong></span> <span class='ocrx_word' id='word_1_48' title='bbox 1295 1505 1404 1570; x_wconf 90' lang='lat' dir='ltr'><strong>tamen</strong></span> <span class='ocrx_word' id='word_1_49' title='bbox 1429 1493 1514 1569; x_wconf 88' lang='lat' dir='ltr'><strong>hanc</strong></span> <span class='ocrx_word' id='word_1_50' title='bbox 1540 1499 1770 1591; x_wconf 88' lang='lat' dir='ltr'><strong>quaestionem</strong></span> <span class='ocrx_word' id='word_1_51' title='bbox 1796 1499 1982 1570; x_wconf 90' lang='lat' dir='ltr'><strong>tractaturis</strong></span> <span class='ocrx_word' id='word_1_52' title='bbox 2004 1504 2093 1591; x_wconf 53' lang='lat' dir='ltr'><strong>ger*</strong></span> 
     </span>
     <span class='ocr_line' id='line_1_7' title="bbox 592 1612 2053 1729; baseline 0.003 -23"><span class='ocrx_word' id='word_1_53' title='bbox 592 1635 744 1708; x_wconf 88' lang='lat' dir='ltr'><strong>manicae</strong></span> <span class='ocrx_word' id='word_1_54' title='bbox 770 1635 868 1706; x_wconf 90' lang='lat' dir='ltr'><strong>etiam</strong></span> <span class='ocrx_word' id='word_1_55' title='bbox 888 1631 1023 1729; x_wconf 83' lang='lat' dir='ltr'><strong>linguae</strong></span> <span class='ocrx_word' id='word_1_56' title='bbox 1038 1655 1119 1707; x_wconf 91' lang='lat' dir='ltr'><strong>usus</strong></span> <span class='ocrx_word' id='word_1_57' title='bbox 1147 1631 1346 1708; x_wconf 84' lang='lat' dir='ltr'><strong>conceditur.</strong></span> <span class='ocrx_word' id='word_1_58' title='bbox 2050 1612 2053 1620; x_wconf 25' lang='lat'>¹</span> 
     </span>
     <span class='ocr_line' id='line_1_8' title="bbox 384 1768 1016 1868; baseline -0.002 -23"><span class='ocrx_word' id='word_1_59' title='bbox 384 1775 385 1778; x_wconf 73' lang='grc'>’</span> <span class='ocrx_word' id='word_1_60' title='bbox 488 1768 609 1846; x_wconf 87' lang='lat' dir='ltr'><strong>Altera</strong></span> <span class='ocrx_word' id='word_1_61' title='bbox 635 1792 656 1844; x_wconf 93' lang='lat' dir='ltr'><strong>e</strong></span> <span class='ocrx_word' id='word_1_62' title='bbox 685 1768 833 1844; x_wconf 88' lang='lat' dir='ltr'><strong>doctrina</strong></span> <span class='ocrx_word' id='word_1_63' title='bbox 858 1768 1016 1868; x_wconf 75' lang='lat' dir='ltr'><strong>physica:</strong></span> 
     </span>
     <span class='ocr_line' id='line_1_9' title="bbox 592 1905 2091 2004; baseline 0.001 -22"><span class='ocrx_word' id='word_1_64' title='bbox 592 1908 659 1982; x_wconf 88' lang='lat' dir='ltr'><strong>Die</strong></span> <span class='ocrx_word' id='word_1_65' title='bbox 692 1905 1137 2004; x_wconf 81' lang='lat' dir='ltr'><strong>thrmeicitungsiuhigkeit</strong></span> <span class='ocrx_word' id='word_1_66' title='bbox 1164 1908 1254 1982; x_wconf 88' lang='lat' dir='ltr'><strong>eines</strong></span> <span class='ocrx_word' id='word_1_67' title='bbox 1287 1906 1407 1982; x_wconf 88' lang='lat' dir='ltr'><strong>Stoiies</strong></span> <span class='ocrx_word' id='word_1_68' title='bbox 1433 1908 1513 1982; x_wconf 84' lang='lat' dir='ltr'><strong>litsst</strong></span> <span class='ocrx_word' id='word_1_69' title='bbox 1536 1907 1607 1982; x_wconf 87' lang='lat' dir='ltr'><strong>sich</strong></span> <span class='ocrx_word' id='word_1_70' title='bbox 1633 1907 1851 2001; x_wconf 80' lang='lat' dir='ltr'><strong>bestimmen,</strong></span> <span class='ocrx_word' id='word_1_71' title='bbox 1877 1906 1987 1981; x_wconf 91' lang='lat' dir='ltr'><strong>indem</strong></span> <span class='ocrx_word' id='word_1_72' title='bbox 2014 1930 2091 1984; x_wconf 92' lang='lat' dir='ltr'><strong>man</strong></span> 
     </span>
     <span class='ocr_line' id='line_1_10' title="bbox 490 2042 2091 2144; baseline -0.002 -22"><span class='ocrx_word' id='word_1_73' title='bbox 490 2107 497 2122; x_wconf 92' lang='lat'><strong>.</strong></span> <span class='ocrx_word' id='word_1_74' title='bbox 594 2047 650 2121; x_wconf 92' lang='lat' dir='ltr'><strong>ein</strong></span> <span class='ocrx_word' id='word_1_75' title='bbox 675 2044 999 2140; x_wconf 87' lang='lat' dir='ltr'><strong>versehlicssharcs,</strong></span> <span class='ocrx_word' id='word_1_76' title='bbox 1024 2047 1103 2121; x_wconf 91' lang='lat' dir='ltr'><strong>sehr</strong></span> <span class='ocrx_word' id='word_1_77' title='bbox 1130 2042 1392 2144; x_wconf 85' lang='lat' dir='ltr'><strong>dtinuwandiges</strong></span> <span class='ocrx_word' id='word_1_78' title='bbox 1419 2045 1536 2120; x_wconf 83' lang='lat' dir='ltr'><strong>Geiass</strong></span> <span class='ocrx_word' id='word_1_79' title='bbox 1563 2067 1624 2120; x_wconf 86' lang='lat' dir='ltr'><strong>aus</strong></span> <span class='ocrx_word' id='word_1_80' title='bbox 1651 2043 1844 2120; x_wconf 89' lang='lat' dir='ltr'><strong>demsolben</strong></span> <span class='ocrx_word' id='word_1_81' title='bbox 1870 2043 1984 2140; x_wconf 89' lang='lat' dir='ltr'><strong>hiidet,</strong></span> <span class='ocrx_word' id='word_1_82' title='bbox 2012 2043 2091 2120; x_wconf 86' lang='lat' dir='ltr'><strong>die-</strong></span> 
     </span>
     <span class='ocr_line' id='line_1_11' title="bbox 592 2181 2092 2280; baseline -0.001 -20"><span class='ocrx_word' id='word_1_83' title='bbox 592 2205 650 2260; x_wconf 87' lang='lat' dir='ltr'><strong>ses</strong></span> <span class='ocrx_word' id='word_1_84' title='bbox 677 2187 735 2257; x_wconf 93' lang='lat' dir='ltr'><strong>mit</strong></span> <span class='ocrx_word' id='word_1_85' title='bbox 761 2194 971 2259; x_wconf 80' lang='lat' dir='ltr'><strong>ertuitnntem</strong></span> <span class='ocrx_word' id='word_1_86' title='bbox 997 2185 1144 2260; x_wconf 88' lang='lat' dir='ltr'><strong>Wasser</strong></span> <span class='ocrx_word' id='word_1_87' title='bbox 1168 2183 1258 2276; x_wconf 87' lang='lat' dir='ltr'><strong>tutu,</strong></span> <span class='ocrx_word' id='word_1_88' title='bbox 1293 2186 1326 2256; x_wconf 94' lang='lat' dir='ltr'><strong>in</strong></span> <span class='ocrx_word' id='word_1_89' title='bbox 1353 2187 1406 2257; x_wconf 91' lang='lat' dir='ltr'><strong>ein</strong></span> <span class='ocrx_word' id='word_1_90' title='bbox 1432 2193 1630 2280; x_wconf 80' lang='lat' dir='ltr'><strong>griisseres,</strong></span> <span class='ocrx_word' id='word_1_91' title='bbox 1655 2183 1763 2259; x_wconf 88' lang='lat' dir='ltr'><strong>kaltcs</strong></span> <span class='ocrx_word' id='word_1_92' title='bbox 1789 2183 1935 2258; x_wconf 88' lang='lat' dir='ltr'><strong>Wasser</strong></span> <span class='ocrx_word' id='word_1_93' title='bbox 1956 2181 2092 2258; x_wconf 89' lang='lat' dir='ltr'><strong>cathal·</strong></span> 
     </span>
     <span class='ocr_line' id='line_1_12' title="bbox 546 2319 2143 2420; baseline 0.001 -25"><span class='ocrx_word' id='word_1_94' title='bbox 546 2383 548 2387; x_wconf 93' lang='lat'>.</span> <span class='ocrx_word' id='word_1_95' title='bbox 591 2320 711 2396; x_wconf 87' lang='lat' dir='ltr'><strong>tendes</strong></span> <span class='ocrx_word' id='word_1_96' title='bbox 734 2320 854 2396; x_wconf 84' lang='lat' dir='ltr'><strong>Gcitss</strong></span> <span class='ocrx_word' id='word_1_97' title='bbox 876 2322 986 2418; x_wconf 80' lang='lat' dir='ltr'><strong>bringt</strong></span> <span class='ocrx_word' id='word_1_98' title='bbox 1007 2321 1075 2396; x_wconf 87' lang='lat' dir='ltr'><strong>und</strong></span> <span class='ocrx_word' id='word_1_99' title='bbox 1093 2320 1148 2397; x_wconf 91' lang='lat' dir='ltr'><strong>die</strong></span> <span class='ocrx_word' id='word_1_100' title='bbox 1163 2319 1593 2420; x_wconf 79' lang='lat' dir='ltr'><strong>Tenrperaturttndorungcn</strong></span> <span class='ocrx_word' id='word_1_101' title='bbox 1621 2321 1681 2396; x_wconf 88' lang='lat' dir='ltr'><strong>des</strong></span> <span class='ocrx_word' id='word_1_102' title='bbox 1707 2333 1850 2398; x_wconf 87' lang='lat' dir='ltr'><strong>itussern</strong></span> <span class='ocrx_word' id='word_1_103' title='bbox 1877 2319 1943 2394; x_wconf 94' lang='lat' dir='ltr'><strong>und</strong></span> <span class='ocrx_word' id='word_1_104' title='bbox 1970 2323 2091 2396; x_wconf 91' lang='lat' dir='ltr'><strong>innern</strong></span> <span class='ocrx_word' id='word_1_105' title='bbox 2141 2415 2143 2420; x_wconf 17' lang='grc' dir='ltr'><strong><em>ι</em></strong></span> 
     </span>
     <span class='ocr_line' id='line_1_13' title="bbox 524 2433 2093 2558; baseline -0.003 -18"><span class='ocrx_word' id='word_1_106' title='bbox 524 2527 526 2532; x_wconf 96' lang='grc'>.</span> <span class='ocrx_word' id='word_1_107' title='bbox 591 2464 757 2541; x_wconf 90' lang='lat' dir='ltr'><strong>Wassers</strong></span> <span class='ocrx_word' id='word_1_108' title='bbox 787 2433 1011 2541; x_wconf 42' lang='lat' dir='ltr'><strong>heohachtets</strong></span> <span class='ocrx_word' id='word_1_109' title='bbox 1043 2463 1091 2536; x_wconf 88' lang='lat' dir='ltr'><strong>Es</strong></span> <span class='ocrx_word' id='word_1_110' title='bbox 1125 2463 1188 2538; x_wconf 91' lang='lat' dir='ltr'><strong>soll</strong></span> <span class='ocrx_word' id='word_1_111' title='bbox 1222 2462 1275 2537; x_wconf 87' lang='lat' dir='ltr'><strong>die</strong></span> <span class='ocrx_word' id='word_1_112' title='bbox 1299 2463 1444 2539; x_wconf 84' lang='lat' dir='ltr'><strong>Tireorie</strong></span> <span class='ocrx_word' id='word_1_113' title='bbox 1471 2469 1562 2541; x_wconf 86' lang='lat' dir='ltr'><strong>einer</strong></span> <span class='ocrx_word' id='word_1_114' title='bbox 1583 2465 1721 2542; x_wconf 88' lang='lat' dir='ltr'><strong>suichen</strong></span> <span class='ocrx_word' id='word_1_115' title='bbox 1750 2464 1981 2558; x_wconf 83' lang='lat' dir='ltr'><strong>Bestimmung</strong></span> <span class='ocrx_word' id='word_1_116' title='bbox 2010 2471 2093 2536; x_wconf 91' lang='lat' dir='ltr'><strong>eut-</strong></span> 
     </span>
     <span class='ocr_line' id='line_1_14' title="bbox 490 2598 2093 2696; baseline -0.006 -15"><span class='ocrx_word' id='word_1_117' title='bbox 490 2643 497 2654; x_wconf 92' lang='lat'><strong>·</strong></span> <span class='ocrx_word' id='word_1_118' title='bbox 592 2603 730 2681; x_wconf 82' lang='lat' dir='ltr'><strong>wickelt</strong></span> <span class='ocrx_word' id='word_1_119' title='bbox 752 2603 891 2680; x_wconf 87' lang='lat' dir='ltr'><strong>werden</strong></span> <span class='ocrx_word' id='word_1_120' title='bbox 916 2602 1001 2679; x_wconf 87' lang='lat' dir='ltr'><strong>nach</strong></span> <span class='ocrx_word' id='word_1_121' title='bbox 1026 2600 1090 2675; x_wconf 91' lang='lat' dir='ltr'><strong>den</strong></span> <span class='ocrx_word' id='word_1_122' title='bbox 1116 2624 1187 2677; x_wconf 81' lang='lat' dir='ltr'><strong>von</strong></span> <span class='ocrx_word' id='word_1_123' title='bbox 1212 2598 1383 2676; x_wconf 88' lang='lat' dir='ltr'><strong>Noumann</strong></span> <span class='ocrx_word' id='word_1_124' title='bbox 1409 2605 1442 2677; x_wconf 93' lang='lat' dir='ltr'><strong>in</strong></span> <span class='ocrx_word' id='word_1_125' title='bbox 1468 2606 1578 2678; x_wconf 90' lang='lat' dir='ltr'><strong>seiner</strong></span> <span class='ocrx_word' id='word_1_126' title='bbox 1604 2603 1845 2678; x_wconf 74' lang='lat' dir='ltr'><strong>commentatio</strong></span> <span class='ocrx_word' id='word_1_127' title='bbox 1874 2599 1940 2696; x_wconf 88' lang='lat' dir='ltr'><strong>,de</strong></span> <span class='ocrx_word' id='word_1_128' title='bbox 1967 2621 2093 2674; x_wconf 55' lang='lat' dir='ltr'><strong>ennena.</strong></span> 
     </span>
     <span class='ocr_line' id='line_1_15' title="bbox 592 2736 2135 2842; baseline -0.001 -28"><span class='ocrx_word' id='word_1_129' title='bbox 592 2739 699 2814; x_wconf 89' lang='lat' dir='ltr'><strong>danda</strong></span> <span class='ocrx_word' id='word_1_130' title='bbox 723 2741 876 2838; x_wconf 81' lang='lat' dir='ltr'><strong>fortunia,</strong></span> <span class='ocrx_word' id='word_1_131' title='bbox 900 2764 962 2842; x_wconf 91' lang='lat' dir='ltr'><strong>pcr</strong></span> <span class='ocrx_word' id='word_1_132' title='bbox 984 2764 1083 2839; x_wconf 85' lang='lat' dir='ltr'><strong>quam</strong></span> <span class='ocrx_word' id='word_1_133' title='bbox 1100 2740 1230 2815; x_wconf 75' lang='lat' dir='ltr'><strong>colores</strong></span> <span class='ocrx_word' id='word_1_134' title='bbox 1257 2760 1435 2839; x_wconf 89' lang='lat' dir='ltr'><strong>corporum</strong></span> <span class='ocrx_word' id='word_1_135' title='bbox 1450 2740 1593 2839; x_wconf 81' lang='lat' dir='ltr'><strong>specidci</strong></span> <span class='ocrx_word' id='word_1_136' title='bbox 1610 2764 1656 2814; x_wconf 83' lang='lat' dir='ltr'><strong>ex</strong></span> <span class='ocrx_word' id='word_1_137' title='bbox 1674 2742 1913 2840; x_wconf 86' lang='lat' dir='ltr'><strong>experimentis</strong></span> <span class='ocrx_word' id='word_1_138' title='bbox 1929 2736 2093 2813; x_wconf 89' lang='lat' dir='ltr'><strong>methodo</strong></span> <span class='ocrx_word' id='word_1_139' title='bbox 2133 2753 2135 2755; x_wconf 80' lang='grc'><strong>’</strong></span> 
     </span>
     <span class='ocr_line' id='line_1_16' title="bbox 590 2877 2089 2981; baseline 0 -29"><span class='ocrx_word' id='word_1_140' title='bbox 590 2881 759 2955; x_wconf 86' lang='lat' dir='ltr'><strong>mixtionis</strong></span> <span class='ocrx_word' id='word_1_141' title='bbox 774 2883 926 2957; x_wconf 92' lang='lat' dir='ltr'><strong>institutis</strong></span> <span class='ocrx_word' id='word_1_142' title='bbox 940 2889 1182 2981; x_wconf 90' lang='lat' dir='ltr'><strong>computantur,</strong></span> <span class='ocrx_word' id='word_1_143' title='bbox 1197 2877 1541 2975; x_wconf 71' lang='lat' dir='ltr'><strong>Iiogiomonti1854“</strong></span> <span class='ocrx_word' id='word_1_144' title='bbox 1558 2880 1875 2978; x_wconf 76' lang='lat' dir='ltr'><strong>ausgesprociacnen</strong></span> <span class='ocrx_word' id='word_1_145' title='bbox 1889 2877 2089 2976; x_wconf 88' lang='lat' dir='ltr'><strong>Principien.</strong></span> 
     </span>
    </p>
   </div>
   <div class='ocr_carea' id='block_1_5' title="bbox 382 3151 2089 4496">
    <p class='ocr_par' dir='ltr' id='par_1_5' title="bbox 483 3151 2089 3530">
     <span class='ocr_line' id='line_1_17' title="bbox 589 3151 2089 3256; baseline 0 -28"><span class='ocrx_word' id='word_1_146' title='bbox 589 3153 676 3250; x_wconf 84' lang='lat' dir='ltr'><strong>dam,</strong></span> <span class='ocrx_word' id='word_1_147' title='bbox 703 3153 967 3252; x_wconf 75' lang='lat' dir='ltr'><strong>commilitones,</strong></span> <span class='ocrx_word' id='word_1_148' title='bbox 1002 3165 1092 3256; x_wconf 91' lang='lat' dir='ltr'><strong>patet</strong></span> <span class='ocrx_word' id='word_1_149' title='bbox 1117 3178 1262 3254; x_wconf 91' lang='lat' dir='ltr'><strong>campus,</strong></span> <span class='ocrx_word' id='word_1_150' title='bbox 1288 3157 1322 3228; x_wconf 90' lang='lat' dir='ltr'><strong>in</strong></span> <span class='ocrx_word' id='word_1_151' title='bbox 1348 3177 1413 3252; x_wconf 89' lang='lat' dir='ltr'><strong>quo</strong></span> <span class='ocrx_word' id='word_1_152' title='bbox 1438 3164 1569 3230; x_wconf 87' lang='lat' dir='ltr'><strong>vestras</strong></span> <span class='ocrx_word' id='word_1_153' title='bbox 1595 3157 1688 3230; x_wconf 84' lang='lat' dir='ltr'><strong>uiros</strong></span> <span class='ocrx_word' id='word_1_154' title='bbox 1715 3159 1923 3229; x_wconf 84' lang='lat' dir='ltr'><strong>exerceatis:</strong></span> <span class='ocrx_word' id='word_1_155' title='bbox 1958 3151 2089 3228; x_wconf 87' lang='lat' dir='ltr'><strong>habetis</strong></span> 
     </span>
     <span class='ocr_line' id='line_1_18' title="bbox 485 3291 2088 3393; baseline -0.002 -26"><span class='ocrx_word' id='word_1_156' title='bbox 485 3303 694 3390; x_wconf 83' lang='lat' dir='ltr'><strong>argomento,</strong></span> <span class='ocrx_word' id='word_1_157' title='bbox 721 3317 808 3391; x_wconf 85' lang='lat' dir='ltr'><strong>quac</strong></span> <span class='ocrx_word' id='word_1_158' title='bbox 834 3293 932 3393; x_wconf 83' lang='lat' dir='ltr'><strong>digna</strong></span> <span class='ocrx_word' id='word_1_159' title='bbox 958 3305 1035 3370; x_wconf 92' lang='lat' dir='ltr'><strong>sunt</strong></span> <span class='ocrx_word' id='word_1_160' title='bbox 1059 3297 1185 3370; x_wconf 87' lang='lat' dir='ltr'><strong>vestris</strong></span> <span class='ocrx_word' id='word_1_161' title='bbox 1210 3292 1340 3368; x_wconf 91' lang='lat' dir='ltr'><strong>studiis:</strong></span> <span class='ocrx_word' id='word_1_162' title='bbox 1376 3292 1554 3392; x_wconf 84' lang='lat' dir='ltr'><strong>periculum</strong></span> <span class='ocrx_word' id='word_1_163' title='bbox 1586 3294 1686 3389; x_wconf 76' lang='lat' dir='ltr'><strong>igitur</strong></span> <span class='ocrx_word' id='word_1_164' title='bbox 1711 3291 1859 3367; x_wconf 82' lang='lat' dir='ltr'><strong>faciatis:</strong></span> <span class='ocrx_word' id='word_1_165' title='bbox 1896 3291 2088 3366; x_wconf 87' lang='lat' dir='ltr'><strong>descendite</strong></span> 
     </span>
     <span class='ocr_line' id='line_1_19' title="bbox 483 3427 2086 3530; baseline -0.002 -26"><span class='ocrx_word' id='word_1_166' title='bbox 483 3432 518 3504; x_wconf 91' lang='lat' dir='ltr'><strong>in</strong></span> <span class='ocrx_word' id='word_1_167' title='bbox 544 3452 681 3504; x_wconf 87' lang='lat' dir='ltr'><strong>arenam</strong></span> <span class='ocrx_word' id='word_1_168' title='bbox 707 3430 871 3529; x_wconf 86' lang='lat' dir='ltr'><strong>vobisque</strong></span> <span class='ocrx_word' id='word_1_169' title='bbox 896 3454 1090 3530; x_wconf 89' lang='lat' dir='ltr'><strong>persuasum</strong></span> <span class='ocrx_word' id='word_1_170' title='bbox 1116 3429 1254 3525; x_wconf 88' lang='lat' dir='ltr'><strong>habetis,</strong></span> <span class='ocrx_word' id='word_1_171' title='bbox 1278 3454 1347 3506; x_wconf 93' lang='lat' dir='ltr'><strong>non</strong></span> <span class='ocrx_word' id='word_1_172' title='bbox 1373 3428 1543 3504; x_wconf 91' lang='lat' dir='ltr'><strong>dciuturos</strong></span> <span class='ocrx_word' id='word_1_173' title='bbox 1570 3451 1648 3505; x_wconf 91' lang='lat' dir='ltr'><strong>esse</strong></span> <span class='ocrx_word' id='word_1_174' title='bbox 1669 3429 1776 3503; x_wconf 86' lang='lat' dir='ltr'><strong>Vobis</strong></span> <span class='ocrx_word' id='word_1_175' title='bbox 1799 3451 1924 3525; x_wconf 85' lang='lat' dir='ltr'><strong>aequos</strong></span> <span class='ocrx_word' id='word_1_176' title='bbox 1942 3427 2086 3524; x_wconf 86' lang='lat' dir='ltr'><strong>judices.</strong></span> 
     </span>
    </p>

    <p class='ocr_par' dir='ltr' id='par_1_6' title="bbox 382 3565 2088 4496">
     <span class='ocr_line' id='line_1_20' title="bbox 588 3565 2088 3674; baseline -0.002 -31"><span class='ocrx_word' id='word_1_177' title='bbox 588 3568 700 3643; x_wconf 90' lang='lat' dir='ltr'><strong>Unum</strong></span> <span class='ocrx_word' id='word_1_178' title='bbox 735 3567 843 3642; x_wconf 88' lang='lat' dir='ltr'><strong>adhuc</strong></span> <span class='ocrx_word' id='word_1_179' title='bbox 877 3579 998 3663; x_wconf 91' lang='lat' dir='ltr'><strong>restat,</strong></span> <span class='ocrx_word' id='word_1_180' title='bbox 1032 3579 1068 3643; x_wconf 93' lang='lat' dir='ltr'><strong>ut</strong></span> <span class='ocrx_word' id='word_1_181' title='bbox 1100 3573 1156 3668; x_wconf 88' lang='lat' dir='ltr'><strong>pia</strong></span> <span class='ocrx_word' id='word_1_182' title='bbox 1189 3581 1267 3644; x_wconf 87' lang='lat' dir='ltr'><strong>vota</strong></span> <span class='ocrx_word' id='word_1_183' title='bbox 1302 3590 1524 3666; x_wconf 88' lang='lat' dir='ltr'><strong>nuncupemus</strong></span> <span class='ocrx_word' id='word_1_184' title='bbox 1558 3592 1621 3674; x_wconf 90' lang='lat' dir='ltr'><strong>pro</strong></span> <span class='ocrx_word' id='word_1_185' title='bbox 1646 3568 1673 3640; x_wconf 86' lang='lat' dir='ltr'>F</span> <span class='ocrx_word' id='word_1_186' title='bbox 1674 3565 1907 3658; x_wconf 81' lang='lat' dir='ltr'><strong>IilDERICO,</strong></span> <span class='ocrx_word' id='word_1_187' title='bbox 1932 3566 2088 3664; x_wconf 89' lang='lat' dir='ltr'><strong>Principe</strong></span> 
     </span>
     <span class='ocr_line' id='line_1_21' title="bbox 483 3705 2087 3803; baseline -0.002 -23"><span class='ocrx_word' id='word_1_188' title='bbox 483 3705 608 3781; x_wconf 89' lang='lat' dir='ltr'><strong>Nostro&#39;</strong></span> <span class='ocrx_word' id='word_1_189' title='bbox 636 3707 893 3780; x_wconf 87' lang='lat' dir='ltr'><strong>clementissimo</strong></span> <span class='ocrx_word' id='word_1_190' title='bbox 919 3731 960 3781; x_wconf 88' lang='lat' dir='ltr'><strong>ac</strong></span> <span class='ocrx_word' id='word_1_191' title='bbox 984 3706 1132 3781; x_wconf 86' lang='lat' dir='ltr'><strong>Rectore</strong></span> <span class='ocrx_word' id='word_1_192' title='bbox 1157 3706 1359 3781; x_wconf 81' lang='lat' dir='ltr'><strong>Academiae</strong></span> <span class='ocrx_word' id='word_1_193' title='bbox 1384 3705 1897 3802; x_wconf 82' lang='lat' dir='ltr'><strong>Nostraemagnificentissimo,</strong></span> <span class='ocrx_word' id='word_1_194' title='bbox 1929 3725 1992 3803; x_wconf 91' lang='lat' dir='ltr'><strong>pro</strong></span> <span class='ocrx_word' id='word_1_195' title='bbox 2017 3713 2087 3777; x_wconf 89' lang='lat' dir='ltr'><strong>tota</strong></span> 
     </span>
     <span class='ocr_line' id='line_1_22' title="bbox 382 3831 2086 3943; baseline -0.001 -26"><span class='ocrx_word' id='word_1_196' title='bbox 382 3831 385 3838; x_wconf 62' lang='grc'><em>’</em></span> <span class='ocrx_word' id='word_1_197' title='bbox 484 3841 584 3917; x_wconf 90' lang='lat' dir='ltr'><strong>domo</strong></span> <span class='ocrx_word' id='word_1_198' title='bbox 611 3854 773 3939; x_wconf 84' lang='lat' dir='ltr'><strong>augusta,</strong></span> <span class='ocrx_word' id='word_1_199' title='bbox 807 3868 869 3943; x_wconf 91' lang='lat' dir='ltr'><strong>pro</strong></span> <span class='ocrx_word' id='word_1_200' title='bbox 893 3849 977 3921; x_wconf 87' lang='lat' dir='ltr'><strong>viris</strong></span> <span class='ocrx_word' id='word_1_201' title='bbox 1003 3849 1160 3939; x_wconf 91' lang='lat' dir='ltr'><strong>summis,</strong></span> <span class='ocrx_word' id='word_1_202' title='bbox 1192 3850 1247 3942; x_wconf 92' lang='lat' dir='ltr'><strong>qui</strong></span> <span class='ocrx_word' id='word_1_203' title='bbox 1271 3869 1398 3920; x_wconf 89' lang='lat' dir='ltr'><strong>summa</strong></span> <span class='ocrx_word' id='word_1_204' title='bbox 1423 3843 1614 3943; x_wconf 89' lang='lat' dir='ltr'><strong>prudentia,</strong></span> <span class='ocrx_word' id='word_1_205' title='bbox 1642 3845 1823 3942; x_wconf 91' lang='lat' dir='ltr'><strong>sapientia,</strong></span> <span class='ocrx_word' id='word_1_206' title='bbox 1848 3841 2086 3916; x_wconf 88' lang='lat' dir='ltr'><strong>benevolentia</strong></span> 
     </span>
     <span class='ocr_line' id='line_1_23' title="bbox 482 3980 2087 4084; baseline 0 -30"><span class='ocrx_word' id='word_1_207' title='bbox 482 3980 585 4056; x_wconf 89' lang='lat' dir='ltr'><strong>rebus</strong></span> <span class='ocrx_word' id='word_1_208' title='bbox 609 3985 733 4058; x_wconf 90' lang='lat' dir='ltr'><strong>nostris</strong></span> <span class='ocrx_word' id='word_1_209' title='bbox 759 3984 951 4077; x_wconf 84' lang='lat' dir='ltr'><strong>consulunt,</strong></span> <span class='ocrx_word' id='word_1_210' title='bbox 985 4007 1046 4084; x_wconf 94' lang='lat' dir='ltr'><strong>pro</strong></span> <span class='ocrx_word' id='word_1_211' title='bbox 1071 3983 1180 4059; x_wconf 87' lang='lat' dir='ltr'><strong>salute</strong></span> <span class='ocrx_word' id='word_1_212' title='bbox 1205 3982 1407 4057; x_wconf 81' lang='lat' dir='ltr'><strong>Academiae</strong></span> <span class='ocrx_word' id='word_1_213' title='bbox 1432 3990 1586 4074; x_wconf 89' lang='lat' dir='ltr'><strong>nostrae,</strong></span> <span class='ocrx_word' id='word_1_214' title='bbox 1620 4005 1719 4078; x_wconf 91' lang='lat' dir='ltr'><strong>quam</strong></span> <span class='ocrx_word' id='word_1_215' title='bbox 1745 3980 1942 4054; x_wconf 86' lang='lat' dir='ltr'><strong>incolumem</strong></span> <span class='ocrx_word' id='word_1_216' title='bbox 1970 3991 2087 4056; x_wconf 87' lang='lat' dir='ltr'><strong>servet</strong></span> 
     </span>
     <span class='ocr_line' id='line_1_24' title="bbox 482 4117 2087 4221; baseline -0.002 -26"><span class='ocrx_word' id='word_1_217' title='bbox 482 4141 676 4218; x_wconf 85' lang='lat' dir='ltr'><strong>supremum</strong></span> <span class='ocrx_word' id='word_1_218' title='bbox 701 4143 823 4196; x_wconf 91' lang='lat' dir='ltr'><strong>numen</strong></span> <span class='ocrx_word' id='word_1_219' title='bbox 848 4144 910 4221; x_wconf 92' lang='lat' dir='ltr'><strong>per</strong></span> <span class='ocrx_word' id='word_1_220' title='bbox 936 4143 1054 4198; x_wconf 90' lang='lat' dir='ltr'><strong>omnes</strong></span> <span class='ocrx_word' id='word_1_221' title='bbox 1080 4145 1194 4197; x_wconf 92' lang='lat' dir='ltr'><strong>rerum</strong></span> <span class='ocrx_word' id='word_1_222' title='bbox 1220 4121 1334 4196; x_wconf 87' lang='lat' dir='ltr'><strong>ductus</strong></span> <span class='ocrx_word' id='word_1_223' title='bbox 1360 4145 1400 4194; x_wconf 87' lang='lat' dir='ltr'><strong>ac</strong></span> <span class='ocrx_word' id='word_1_224' title='bbox 1425 4129 1647 4218; x_wconf 89' lang='lat' dir='ltr'><strong>tempestates.</strong></span> <span class='ocrx_word' id='word_1_225' title='bbox 1682 4119 1808 4195; x_wconf 87' lang='lat' dir='ltr'><strong>Scrvct</strong></span> <span class='ocrx_word' id='word_1_226' title='bbox 1834 4117 1916 4192; x_wconf 89' lang='lat' dir='ltr'><strong>deus</strong></span> <span class='ocrx_word' id='word_1_227' title='bbox 1944 4121 2087 4217; x_wconf 91' lang='lat' dir='ltr'><strong>optimus</strong></span> 
     </span>
     <span class='ocr_line' id='line_1_25' title="bbox 481 4255 2086 4358; baseline 0 -28"><span class='ocrx_word' id='word_1_228' title='bbox 481 4258 647 4332; x_wconf 84' lang='lat' dir='ltr'><strong>maximus</strong></span> <span class='ocrx_word' id='word_1_229' title='bbox 673 4257 861 4358; x_wconf 89' lang='lat' dir='ltr'><strong>Principem</strong></span> <span class='ocrx_word' id='word_1_230' title='bbox 885 4270 1035 4336; x_wconf 92' lang='lat' dir='ltr'><strong>nostrum</strong></span> <span class='ocrx_word' id='word_1_231' title='bbox 1061 4263 1347 4358; x_wconf 86' lang='lat' dir='ltr'><strong>augustissimum,</strong></span> <span class='ocrx_word' id='word_1_232' title='bbox 1380 4267 1495 4334; x_wconf 87' lang='lat' dir='ltr'><strong>servet</strong></span> <span class='ocrx_word' id='word_1_233' title='bbox 1518 4255 1736 4350; x_wconf 84' lang='lat' dir='ltr'><strong>Academiam</strong></span> <span class='ocrx_word' id='word_1_234' title='bbox 1762 4265 1911 4334; x_wconf 88' lang='lat' dir='ltr'><strong>nostram</strong></span> <span class='ocrx_word' id='word_1_235' title='bbox 1937 4259 2086 4332; x_wconf 85' lang='lat' dir='ltr'><strong>univer·</strong></span> 
     </span>
     <span class='ocr_line' id='line_1_26' title="bbox 479 4397 936 4496; baseline -0.002 -22"><span class='ocrx_word' id='word_1_236' title='bbox 479 4417 619 4494; x_wconf 76' lang='lat' dir='ltr'><strong>samrpue</strong></span> <span class='ocrx_word' id='word_1_237' title='bbox 645 4399 796 4496; x_wconf 87' lang='lat' dir='ltr'><strong>patriam.</strong></span> <span class='ocrx_word' id='word_1_238' title='bbox 846 4397 936 4473; x_wconf 82' lang='lat' dir='ltr'><strong>Dort</strong></span> 
     </span>
    </p>
   </div>
   <div class='ocr_carea' id='block_1_6' title="bbox 0 0 2200 6057">
    <p class='ocr_par' dir='ltr' id='par_1_7' title="bbox 0 0 2200 6057">
     <span class='ocr_line' id='line_1_27' title="bbox 0 0 2200 6057; baseline 0 0"><span class='ocrx_word' id='word_1_239' title='bbox 0 0 2200 6057; x_wconf 95' lang='lat' dir='ltr'><strong> </strong></span> 
     </span>
    </p>
   </div>
  </div>
 </body>
</html>
