<?xml version="1.0" encoding="UTF-8"?>
<!DOCTYPE html PUBLIC "-//W3C//DTD XHTML 1.0 Transitional//EN"
    "http://www.w3.org/TR/xhtml1/DTD/xhtml1-transitional.dtd">
<html xmlns="http://www.w3.org/1999/xhtml" xml:lang="en" lang="en">
 <head>
  <title>
</title>
<meta http-equiv="Content-Type" content="text/html;charset=utf-8" />
  <meta name='ocr-system' content='tesseract 3.04.00' />
  <meta name='ocr-capabilities' content='ocr_page ocr_carea ocr_par ocr_line ocrx_word'/>
</head>
<body>
  <div class='ocr_page' id='page_1' title='image "./deliterarumstud00bhgoog_0053.png"; bbox 0 0 4390 6060; ppageno 0'>
   <div class='ocr_carea' id='block_1_1' title="bbox 1251 743 1303 820">
    <p class='ocr_par' dir='ltr' id='par_1_1' title="bbox 1251 743 1303 820">
     <span class='ocr_line' id='line_1_1' title="bbox 1251 743 1303 820; baseline 0.038 -2"><span class='ocrx_word' id='word_1_1' title='bbox 1251 743 1303 820; x_wconf 82' lang='lat'><strong>24</strong></span> 
     </span>
    </p>
   </div>
   <div class='ocr_carea' id='block_1_2' title="bbox 560 946 2083 1032">
    <p class='ocr_par' dir='ltr' id='par_1_2' title="bbox 560 946 2083 1032">
     <span class='ocr_line' id='line_1_2' title="bbox 560 946 2083 1032; baseline -0.001 -18"><span class='ocrx_word' id='word_1_2' title='bbox 560 946 592 1032; x_wconf 85' lang='grc'><strong>8)</strong></span> <span class='ocrx_word' id='word_1_3' title='bbox 617 951 700 1014; x_wconf 81' lang='lat' dir='ltr'><strong>Cossi.</strong></span> <span class='ocrx_word' id='word_1_4' title='bbox 728 949 858 1012; x_wconf 84' lang='lat' dir='ltr'><strong>Histoire</strong></span> <span class='ocrx_word' id='word_1_5' title='bbox 886 950 1012 1012; x_wconf 89' lang='lat' dir='ltr'><strong>literaire</strong></span> <span class='ocrx_word' id='word_1_6' title='bbox 1042 949 1079 1012; x_wconf 87' lang='lat' dir='ltr'><strong>de</strong></span> <span class='ocrx_word' id='word_1_7' title='bbox 1104 949 1135 1011; x_wconf 85' lang='lat' dir='ltr'><strong>ia</strong></span> <span class='ocrx_word' id='word_1_8' title='bbox 1163 948 1277 1010; x_wconf 84' lang='lat' dir='ltr'><strong>Franco</strong></span> <span class='ocrx_word' id='word_1_9' title='bbox 1297 949 1344 1010; x_wconf 88' lang='lat'><strong>111</strong></span> <span class='ocrx_word' id='word_1_10' title='bbox 1364 969 1395 1030; x_wconf 92' lang='lat' dir='ltr'><strong>p.</strong></span> <span class='ocrx_word' id='word_1_11' title='bbox 1420 952 1537 1028; x_wconf 79' lang='lat' dir='ltr'><strong>ldsqq.</strong></span> <span class='ocrx_word' id='word_1_12' title='bbox 1580 949 1660 1012; x_wconf 91' lang='lat' dir='ltr'><strong>Dum</strong></span> <span class='ocrx_word' id='word_1_13' title='bbox 1682 951 1764 1010; x_wconf 89' lang='lat' dir='ltr'><strong>Piira</strong></span> <span class='ocrx_word' id='word_1_14' title='bbox 1784 948 1915 1012; x_wconf 76' lang='lat' dir='ltr'><strong>Histoire</strong></span> <span class='ocrx_word' id='word_1_15' title='bbox 1937 950 1974 1012; x_wconf 88' lang='lat' dir='ltr'><strong>sle</strong></span> <span class='ocrx_word' id='word_1_16' title='bbox 1995 949 2083 1013; x_wconf 85' lang='lat' dir='ltr'><strong>Saint</strong></span> 
     </span>
    </p>
   </div>
   <div class='ocr_carea' id='block_1_3' title="bbox 471 1046 2195 1144">
    <p class='ocr_par' dir='ltr' id='par_1_3' title="bbox 471 1046 2195 1144">
     <span class='ocr_line' id='line_1_3' title="bbox 471 1046 2195 1144; baseline -0.001 -18"><span class='ocrx_word' id='word_1_17' title='bbox 471 1064 569 1144; x_wconf 87' lang='lat' dir='ltr'><strong>Leges</strong></span> <span class='ocrx_word' id='word_1_18' title='bbox 596 1069 626 1126; x_wconf 91' lang='lat' dir='ltr'><strong>et</strong></span> <span class='ocrx_word' id='word_1_19' title='bbox 652 1063 689 1126; x_wconf 87' lang='lat' dir='ltr'><strong>ds</strong></span> <span class='ocrx_word' id='word_1_20' title='bbox 716 1061 838 1140; x_wconf 87' lang='lat' dir='ltr'><strong>l’Eglise</strong></span> <span class='ocrx_word' id='word_1_21' title='bbox 865 1061 918 1123; x_wconf 88' lang='lat' dir='ltr'><strong>das</strong></span> <span class='ocrx_word' id='word_1_22' title='bbox 945 1060 1057 1123; x_wconf 82' lang='lat' dir='ltr'><strong>Franco</strong></span> <span class='ocrx_word' id='word_1_23' title='bbox 1087 1080 1126 1122; x_wconf 91' lang='lat' dir='ltr'><strong>au</strong></span> <span class='ocrx_word' id='word_1_24' title='bbox 1146 1059 1204 1121; x_wconf 86' lang='lat' dir='ltr'><strong>v11</strong></span> <span class='ocrx_word' id='word_1_25' title='bbox 1225 1060 1316 1122; x_wconf 77' lang='grc'>111111</span> <span class='ocrx_word' id='word_1_26' title='bbox 1339 1061 1435 1144; x_wconf 85' lang='lat' dir='ltr'><strong>(Paria</strong></span> <span class='ocrx_word' id='word_1_27' title='bbox 1460 1056 1555 1141; x_wconf 82' lang='grc'>1846)</span> <span class='ocrx_word' id='word_1_28' title='bbox 1578 1081 1609 1142; x_wconf 87' lang='lat' dir='ltr'><strong>p.</strong></span> <span class='ocrx_word' id='word_1_29' title='bbox 1632 1063 1674 1123; x_wconf 81' lang='lat'><strong>20</strong></span> <span class='ocrx_word' id='word_1_30' title='bbox 1685 1080 1752 1140; x_wconf 92' lang='lat' dir='ltr'><strong>sqq.</strong></span> <span class='ocrx_word' id='word_1_31' title='bbox 1774 1093 1817 1108; x_wconf 93' lang='lat'><em>-</em></span> <span class='ocrx_word' id='word_1_32' title='bbox 1840 1062 1986 1141; x_wconf 87' lang='lat' dir='ltr'><strong>Equidem</strong></span> <span class='ocrx_word' id='word_1_33' title='bbox 2007 1062 2080 1126; x_wconf 81' lang='lat' dir='ltr'><strong>hl.</strong></span> <span class='ocrx_word' id='word_1_34' title='bbox 2194 1046 2195 1125; x_wconf 61' lang='grc' dir='ltr'>ἶ</span> 
     </span>
    </p>
   </div>
   <div class='ocr_carea' id='block_1_4' title="bbox 465 1172 2082 2941">
    <p class='ocr_par' dir='ltr' id='par_1_4' title="bbox 470 1172 2082 2154">
     <span class='ocr_line' id='line_1_4' title="bbox 473 1172 2081 1253; baseline -0.001 -15"><span class='ocrx_word' id='word_1_35' title='bbox 473 1196 564 1238; x_wconf 88' lang='lat' dir='ltr'><strong>unum</strong></span> <span class='ocrx_word' id='word_1_36' title='bbox 585 1177 707 1238; x_wconf 87' lang='grc'>1111111</span> <span class='ocrx_word' id='word_1_37' title='bbox 729 1174 924 1252; x_wconf 83' lang='lat' dir='ltr'><strong>chilpericum</strong></span> <span class='ocrx_word' id='word_1_38' title='bbox 945 1173 975 1253; x_wconf 94' lang='lat' dir='ltr'><strong>I,</strong></span> <span class='ocrx_word' id='word_1_39' title='bbox 1006 1177 1056 1252; x_wconf 88' lang='lat' dir='ltr'><strong>qui</strong></span> <span class='ocrx_word' id='word_1_40' title='bbox 1079 1173 1205 1235; x_wconf 87' lang='lat' dir='ltr'><strong>Clotsriu</strong></span> <span class='ocrx_word' id='word_1_41' title='bbox 1235 1176 1393 1252; x_wconf 87' lang='lat' dir='ltr'><strong>suecessit,</strong></span> <span class='ocrx_word' id='word_1_42' title='bbox 1424 1172 1517 1235; x_wconf 87' lang='lat' dir='ltr'><strong>altera</strong></span> <span class='ocrx_word' id='word_1_43' title='bbox 1545 1177 1621 1236; x_wconf 81' lang='lat' dir='ltr'><strong>serti</strong></span> <span class='ocrx_word' id='word_1_44' title='bbox 1649 1173 1762 1236; x_wconf 87' lang='lat' dir='ltr'><strong>saeculi</strong></span> <span class='ocrx_word' id='word_1_45' title='bbox 1782 1191 1813 1252; x_wconf 92' lang='lat' dir='ltr'><strong>p.</strong></span> <span class='ocrx_word' id='word_1_46' title='bbox 1836 1173 1904 1235; x_wconf 82' lang='lat' dir='ltr'><strong>Chr.</strong></span> <span class='ocrx_word' id='word_1_47' title='bbox 1926 1193 1956 1235; x_wconf 88' lang='lat' dir='ltr'><strong>n.</strong></span> <span class='ocrx_word' id='word_1_48' title='bbox 1977 1181 2081 1253; x_wconf 81' lang='lat' dir='ltr'><strong>partes</strong></span> 
     </span>
     <span class='ocr_line' id='line_1_5' title="bbox 471 1283 2082 1366; baseline 0.001 -18"><span class='ocrx_word' id='word_1_49' title='bbox 471 1287 521 1350; x_wconf 89' lang='lat' dir='ltr'><strong>hle</strong></span> <span class='ocrx_word' id='word_1_50' title='bbox 544 1290 621 1350; x_wconf 89' lang='lat' dir='ltr'><strong>enim</strong></span> <span class='ocrx_word' id='word_1_51' title='bbox 644 1294 717 1348; x_wconf 87' lang='lat' dir='ltr'><strong>teste</strong></span> <span class='ocrx_word' id='word_1_52' title='bbox 740 1285 883 1364; x_wconf 80' lang='lat' dir='ltr'>Gregorio</span> <span class='ocrx_word' id='word_1_53' title='bbox 905 1284 1016 1346; x_wconf 78' lang='lat' dir='ltr'><strong>Turon.</strong></span> <span class='ocrx_word' id='word_1_54' title='bbox 1038 1284 1076 1346; x_wconf 87' lang='lat' dir='ltr'><strong>V.</strong></span> <span class='ocrx_word' id='word_1_55' title='bbox 1099 1285 1140 1346; x_wconf 78' lang='lat'><strong>45</strong></span> <span class='ocrx_word' id='word_1_56' title='bbox 1163 1284 1199 1346; x_wconf 90' lang='lat' dir='ltr'><strong>de</strong></span> <span class='ocrx_word' id='word_1_57' title='bbox 1220 1283 1363 1345; x_wconf 82' lang='lat' dir='ltr'><strong>Trinitato</strong></span> <span class='ocrx_word' id='word_1_58' title='bbox 1385 1285 1557 1362; x_wconf 78' lang='lat' dir='ltr'><strong>disquisivit,</strong></span> <span class='ocrx_word' id='word_1_59' title='bbox 1579 1285 1728 1364; x_wconf 78' lang='lat' dir='ltr'><strong>librosque</strong></span> <span class='ocrx_word' id='word_1_60' title='bbox 1750 1285 1885 1346; x_wconf 83' lang='lat' dir='ltr'><strong>versibus</strong></span> <span class='ocrx_word' id='word_1_61' title='bbox 1907 1289 2082 1366; x_wconf 89' lang='lat' dir='ltr'><strong>conscripsit</strong></span> 
     </span>
     <span class='ocr_line' id='line_1_6' title="bbox 472 1395 2081 1478; baseline -0.001 -17"><span class='ocrx_word' id='word_1_62' title='bbox 472 1417 509 1462; x_wconf 85' lang='lat' dir='ltr'><strong>aa</strong></span> <span class='ocrx_word' id='word_1_63' title='bbox 529 1399 630 1461; x_wconf 76' lang='lat' dir='ltr'><strong>literas</strong></span> <span class='ocrx_word' id='word_1_64' title='bbox 652 1401 764 1460; x_wconf 83' lang='lat' dir='ltr'><strong>invenit</strong></span> <span class='ocrx_word' id='word_1_65' title='bbox 785 1397 929 1478; x_wconf 89' lang='lat' dir='ltr'><strong>quasdam</strong></span> <span class='ocrx_word' id='word_1_66' title='bbox 950 1396 999 1458; x_wconf 86' lang='lat' dir='ltr'><strong>rel</strong></span> <span class='ocrx_word' id='word_1_67' title='bbox 1020 1398 1117 1475; x_wconf 89' lang='lat' dir='ltr'><strong>potius</strong></span> <span class='ocrx_word' id='word_1_68' title='bbox 1139 1395 1250 1456; x_wconf 78' lang='lat' dir='ltr'><strong>addidit</strong></span> <span class='ocrx_word' id='word_1_69' title='bbox 1271 1398 1370 1474; x_wconf 91' lang='lat' dir='ltr'><strong>pueris</strong></span> <span class='ocrx_word' id='word_1_70' title='bbox 1392 1395 1557 1458; x_wconf 87' lang='lat' dir='ltr'><strong>discendas.</strong></span> <span class='ocrx_word' id='word_1_71' title='bbox 1602 1396 1688 1476; x_wconf 89' lang='lat' dir='ltr'><strong>Quod</strong></span> <span class='ocrx_word' id='word_1_72' title='bbox 1707 1415 1778 1458; x_wconf 85' lang='lat' dir='ltr'><strong>sero</strong></span> <span class='ocrx_word' id='word_1_73' title='bbox 1808 1397 1885 1459; x_wconf 92' lang='lat' dir='ltr'><strong>idem</strong></span> <span class='ocrx_word' id='word_1_74' title='bbox 1914 1399 2081 1478; x_wconf 82' lang='lat' dir='ltr'><strong>imperavit,</strong></span> 
     </span>
     <span class='ocr_line' id='line_1_7' title="bbox 472 1507 2081 1591; baseline 0 -19"><span class='ocrx_word' id='word_1_75' title='bbox 472 1517 527 1591; x_wconf 87' lang='lat' dir='ltr'><strong>,ut</strong></span> <span class='ocrx_word' id='word_1_76' title='bbox 546 1511 613 1573; x_wconf 91' lang='lat' dir='ltr'><strong>iibri</strong></span> <span class='ocrx_word' id='word_1_77' title='bbox 628 1513 787 1588; x_wconf 89' lang='lat' dir='ltr'><strong>antiquitus</strong></span> <span class='ocrx_word' id='word_1_78' title='bbox 803 1511 902 1588; x_wconf 88' lang='lat' dir='ltr'><strong>scripti</strong></span> <span class='ocrx_word' id='word_1_79' title='bbox 918 1509 1030 1588; x_wconf 90' lang='lat' dir='ltr'><strong>pinnati</strong></span> <span class='ocrx_word' id='word_1_80' title='bbox 1047 1511 1162 1587; x_wconf 84' lang='lat' dir='ltr'><strong>pumice</strong></span> <span class='ocrx_word' id='word_1_81' title='bbox 1179 1507 1426 1570; x_wconf 79' lang='lat' dir='ltr'><strong>rescriberentur“</strong></span> <span class='ocrx_word' id='word_1_82' title='bbox 1451 1507 1550 1590; x_wconf 91' lang='lat' dir='ltr'><strong>(quem</strong></span> <span class='ocrx_word' id='word_1_83' title='bbox 1567 1509 1665 1572; x_wconf 87' lang='lat' dir='ltr'><strong>locum</strong></span> <span class='ocrx_word' id='word_1_84' title='bbox 1681 1511 1716 1569; x_wconf 84' lang='lat' dir='ltr'><strong>iis</strong></span> <span class='ocrx_word' id='word_1_85' title='bbox 1732 1509 1863 1570; x_wconf 88' lang='lat' dir='ltr'><strong>additum</strong></span> <span class='ocrx_word' id='word_1_86' title='bbox 1882 1511 1980 1590; x_wconf 83' lang='lat' dir='ltr'><strong>velim,</strong></span> <span class='ocrx_word' id='word_1_87' title='bbox 2003 1528 2081 1590; x_wconf 87' lang='lat' dir='ltr'><strong>quae</strong></span> 
     </span>
     <span class='ocr_line' id='line_1_8' title="bbox 472 1617 2081 1702; baseline -0.002 -15"><span class='ocrx_word' id='word_1_88' title='bbox 472 1625 509 1687; x_wconf 89' lang='lat' dir='ltr'><strong>de</strong></span> <span class='ocrx_word' id='word_1_89' title='bbox 530 1625 720 1686; x_wconf 87' lang='lat' dir='ltr'><strong>membranae</strong></span> <span class='ocrx_word' id='word_1_90' title='bbox 740 1622 945 1686; x_wconf 86' lang='lat' dir='ltr'><strong>rescribendaa</strong></span> <span class='ocrx_word' id='word_1_91' title='bbox 966 1639 1024 1682; x_wconf 91' lang='lat' dir='ltr'><strong>usu</strong></span> <span class='ocrx_word' id='word_1_92' title='bbox 1047 1627 1077 1682; x_wconf 89' lang='lat' dir='ltr'><strong>ct</strong></span> <span class='ocrx_word' id='word_1_93' title='bbox 1096 1621 1217 1682; x_wconf 89' lang='lat' dir='ltr'><strong>historia</strong></span> <span class='ocrx_word' id='word_1_94' title='bbox 1239 1621 1335 1681; x_wconf 85' lang='lat' dir='ltr'><strong>attulit</strong></span> <span class='ocrx_word' id='word_1_95' title='bbox 1349 1620 1464 1698; x_wconf 85' lang='lat' dir='ltr'><strong>Frideg.</strong></span> <span class='ocrx_word' id='word_1_96' title='bbox 1487 1621 1577 1682; x_wconf 81' lang='lat' dir='ltr'><strong>itone</strong></span> <span class='ocrx_word' id='word_1_97' title='bbox 1597 1621 1645 1681; x_wconf 89' lang='lat' dir='ltr'><strong>Da</strong></span> <span class='ocrx_word' id='word_1_98' title='bbox 1665 1621 1848 1700; x_wconf 86' lang='lat' dir='ltr'><strong>palimpsest.</strong></span> <span class='ocrx_word' id='word_1_99' title='bbox 1869 1617 1980 1702; x_wconf 70' lang='grc'>1119),</span> <span class='ocrx_word' id='word_1_100' title='bbox 2001 1625 2081 1684; x_wconf 89' lang='lat' dir='ltr'><strong>anti·</strong></span> 
     </span>
     <span class='ocr_line' id='line_1_9' title="bbox 472 1732 2081 1815; baseline 0.001 -19"><span class='ocrx_word' id='word_1_101' title='bbox 472 1739 537 1815; x_wconf 92' lang='lat' dir='ltr'><strong>quis</strong></span> <span class='ocrx_word' id='word_1_102' title='bbox 560 1742 638 1798; x_wconf 89' lang='lat' dir='ltr'><strong>certe</strong></span> <span class='ocrx_word' id='word_1_103' title='bbox 657 1737 748 1798; x_wconf 90' lang='lat' dir='ltr'><strong>literis</strong></span> <span class='ocrx_word' id='word_1_104' title='bbox 777 1751 881 1814; x_wconf 87' lang='lat' dir='ltr'><strong>parum</strong></span> <span class='ocrx_word' id='word_1_105' title='bbox 911 1733 1094 1796; x_wconf 88' lang='lat' dir='ltr'><strong>consuluisse</strong></span> <span class='ocrx_word' id='word_1_106' title='bbox 1122 1733 1251 1810; x_wconf 84' lang='lat' dir='ltr'><strong>ridetur,</strong></span> <span class='ocrx_word' id='word_1_107' title='bbox 1282 1734 1371 1794; x_wconf 89' lang='lat' dir='ltr'><strong>nimio</strong></span> <span class='ocrx_word' id='word_1_108' title='bbox 1402 1732 1584 1795; x_wconf 89' lang='lat' dir='ltr'><strong>Christianae</strong></span> <span class='ocrx_word' id='word_1_109' title='bbox 1613 1733 1762 1812; x_wconf 85' lang='lat' dir='ltr'><strong>religionis</strong></span> <span class='ocrx_word' id='word_1_110' title='bbox 1792 1741 1822 1795; x_wconf 89' lang='lat' dir='ltr'><strong>et</strong></span> <span class='ocrx_word' id='word_1_111' title='bbox 1849 1733 2081 1798; x_wconf 86' lang='lat' dir='ltr'><strong>Christianarum</strong></span> 
     </span>
     <span class='ocr_line' id='line_1_10' title="bbox 470 1844 2079 1927; baseline 0 -19"><span class='ocrx_word' id='word_1_112' title='bbox 470 1847 620 1909; x_wconf 89' lang='lat' dir='ltr'><strong>literarum</strong></span> <span class='ocrx_word' id='word_1_113' title='bbox 641 1845 906 1926; x_wconf 85' lang='lat' dir='ltr'><strong>promovendamm</strong></span> <span class='ocrx_word' id='word_1_114' title='bbox 928 1845 1025 1906; x_wconf 89' lang='lat' dir='ltr'><strong>studio</strong></span> <span class='ocrx_word' id='word_1_115' title='bbox 1047 1846 1196 1926; x_wconf 87' lang='lat' dir='ltr'><strong>abreptus.</strong></span> <span class='ocrx_word' id='word_1_116' title='bbox 1240 1844 1396 1906; x_wconf 87' lang='lat' dir='ltr'><strong>Caeterum</strong></span> <span class='ocrx_word' id='word_1_117' title='bbox 1419 1845 1551 1922; x_wconf 86' lang='lat' dir='ltr'><strong>ejusdem</strong></span> <span class='ocrx_word' id='word_1_118' title='bbox 1572 1847 1652 1923; x_wconf 88' lang='lat' dir='ltr'><strong>regis</strong></span> <span class='ocrx_word' id='word_1_119' title='bbox 1676 1845 1882 1926; x_wconf 84' lang='lat' dir='ltr'><strong>eloquentiam,</strong></span> <span class='ocrx_word' id='word_1_120' title='bbox 1906 1846 2079 1927; x_wconf 80' lang='lat' dir='ltr'><strong>doctrinam,</strong></span> 
     </span>
     <span class='ocr_line' id='line_1_11' title="bbox 470 1956 2080 2039; baseline 0.001 -19"><span class='ocrx_word' id='word_1_121' title='bbox 470 1962 576 2039; x_wconf 89' lang='lat' dir='ltr'><strong>poesin</strong></span> <span class='ocrx_word' id='word_1_122' title='bbox 598 1958 758 2020; x_wconf 79' lang='lat' dir='ltr'><strong>admodum</strong></span> <span class='ocrx_word' id='word_1_123' title='bbox 779 1957 908 2020; x_wconf 88' lang='lat' dir='ltr'><strong>celebrat</strong></span> <span class='ocrx_word' id='word_1_124' title='bbox 928 1957 1106 2019; x_wconf 80' lang='lat' dir='ltr'><strong>Fortunatus</strong></span> <span class='ocrx_word' id='word_1_125' title='bbox 1128 1957 1225 2019; x_wconf 82' lang='lat' dir='ltr'><strong>carm.</strong></span> <span class='ocrx_word' id='word_1_126' title='bbox 1246 1956 1303 2036; x_wconf 90' lang='lat' dir='ltr'><strong>lX,</strong></span> <span class='ocrx_word' id='word_1_127' title='bbox 1330 1960 1356 2017; x_wconf 93' lang='lat' dir='ltr'><strong>l.</strong></span> <span class='ocrx_word' id='word_1_128' title='bbox 1378 1975 1409 2036; x_wconf 91' lang='lat' dir='ltr'><strong>p.</strong></span> <span class='ocrx_word' id='word_1_129' title='bbox 1432 1959 1494 2018; x_wconf 80' lang='grc'><strong>217</strong></span> <span class='ocrx_word' id='word_1_130' title='bbox 1519 1957 1564 2019; x_wconf 89' lang='lat' dir='ltr'><strong>cd.</strong></span> <span class='ocrx_word' id='word_1_131' title='bbox 1586 1957 1735 2037; x_wconf 78' lang='lat' dir='ltr'><strong>Brunca,</strong></span> <span class='ocrx_word' id='word_1_132' title='bbox 1759 1961 1808 2035; x_wconf 93' lang='lat' dir='ltr'><strong>qui</strong></span> <span class='ocrx_word' id='word_1_133' title='bbox 1830 1957 1907 2018; x_wconf 88' lang='lat' dir='ltr'><strong>idem</strong></span> <span class='ocrx_word' id='word_1_134' title='bbox 1930 1958 1988 2021; x_wconf 90' lang='lat' dir='ltr'><strong>aiio</strong></span> <span class='ocrx_word' id='word_1_135' title='bbox 2011 1977 2080 2021; x_wconf 86' lang='lat' dir='ltr'><strong>car·</strong></span> 
     </span>
     <span class='ocr_line' id='line_1_12' title="bbox 471 2064 1993 2154; baseline 0.001 -23"><span class='ocrx_word' id='word_1_136' title='bbox 471 2073 549 2134; x_wconf 90' lang='lat' dir='ltr'><strong>mine</strong></span> <span class='ocrx_word' id='word_1_137' title='bbox 573 2069 636 2154; x_wconf 84' lang='lat' dir='ltr'><strong>(Vl,</strong></span> <span class='ocrx_word' id='word_1_138' title='bbox 659 2074 690 2132; x_wconf 82' lang='grc'><strong>4.</strong></span> <span class='ocrx_word' id='word_1_139' title='bbox 710 2089 741 2150; x_wconf 93' lang='lat' dir='ltr'><strong>p.</strong></span> <span class='ocrx_word' id='word_1_140' title='bbox 766 2064 839 2150; x_wconf 84' lang='grc'>113)</span> <span class='ocrx_word' id='word_1_141' title='bbox 862 2069 1023 2132; x_wconf 78' lang='lat' dir='ltr'><strong>chariberti</strong></span> <span class='ocrx_word' id='word_1_142' title='bbox 1046 2069 1193 2148; x_wconf 84' lang='lat' dir='ltr'><strong>eloquium</strong></span> <span class='ocrx_word' id='word_1_143' title='bbox 1215 2086 1251 2130; x_wconf 86' lang='lat' dir='ltr'><strong>ac</strong></span> <span class='ocrx_word' id='word_1_144' title='bbox 1272 2068 1371 2130; x_wconf 88' lang='lat' dir='ltr'><strong>Latini</strong></span> <span class='ocrx_word' id='word_1_145' title='bbox 1393 2073 1535 2130; x_wconf 88' lang='lat' dir='ltr'><strong>sermonis</strong></span> <span class='ocrx_word' id='word_1_146' title='bbox 1557 2072 1694 2148; x_wconf 82' lang='lat' dir='ltr'><strong>peritiam</strong></span> <span class='ocrx_word' id='word_1_147' title='bbox 1713 2070 1851 2131; x_wconf 86' lang='lat' dir='ltr'><strong>laudibus</strong></span> <span class='ocrx_word' id='word_1_148' title='bbox 1873 2071 1993 2133; x_wconf 83' lang='lat' dir='ltr'><strong>extollit.</strong></span> 
     </span>
    </p>

    <p class='ocr_par' dir='ltr' id='par_1_5' title="bbox 465 2179 2081 2714">
     <span class='ocr_line' id='line_1_13' title="bbox 559 2179 2081 2264; baseline 0.001 -19"><span class='ocrx_word' id='word_1_149' title='bbox 559 2179 590 2264; x_wconf 84' lang='grc'><strong>’1)</strong></span> <span class='ocrx_word' id='word_1_150' title='bbox 613 2183 692 2246; x_wconf 80' lang='lat' dir='ltr'><strong>ffinc</strong></span> <span class='ocrx_word' id='word_1_151' title='bbox 713 2182 837 2244; x_wconf 81' lang='lat' dir='ltr'><strong>aulici</strong></span> <span class='ocrx_word' id='word_1_152' title='bbox 858 2183 1029 2261; x_wconf 87' lang='lat' dir='ltr'><strong>palatini</strong></span> <span class='ocrx_word' id='word_1_153' title='bbox 1050 2179 1246 2261; x_wconf 81' lang='lat' dir='ltr'><strong>vocabantur,</strong></span> <span class='ocrx_word' id='word_1_154' title='bbox 1276 2188 1310 2242; x_wconf 92' lang='lat' dir='ltr'><strong>ut</strong></span> <span class='ocrx_word' id='word_1_155' title='bbox 1336 2199 1372 2242; x_wconf 87' lang='lat' dir='ltr'><strong>ex</strong></span> <span class='ocrx_word' id='word_1_156' title='bbox 1394 2183 1446 2260; x_wconf 89' lang='lat' dir='ltr'><strong>iis,</strong></span> <span class='ocrx_word' id='word_1_157' title='bbox 1476 2199 1554 2260; x_wconf 88' lang='lat' dir='ltr'><strong>quaa</strong></span> <span class='ocrx_word' id='word_1_158' title='bbox 1576 2181 1613 2244; x_wconf 91' lang='lat' dir='ltr'><strong>de</strong></span> <span class='ocrx_word' id='word_1_159' title='bbox 1635 2181 1746 2244; x_wconf 82' lang='lat' dir='ltr'><strong>Arcdlo</strong></span> <span class='ocrx_word' id='word_1_160' title='bbox 1768 2200 1859 2261; x_wconf 91' lang='lat' dir='ltr'><strong>puero</strong></span> <span class='ocrx_word' id='word_1_161' title='bbox 1882 2190 1981 2245; x_wconf 88' lang='lat' dir='ltr'><strong>narrat</strong></span> <span class='ocrx_word' id='word_1_162' title='bbox 2002 2183 2081 2246; x_wconf 85' lang='lat' dir='ltr'><strong>Gre-</strong></span> 
     </span>
     <span class='ocr_line' id='line_1_14' title="bbox 470 2292 2081 2376; baseline 0.001 -20"><span class='ocrx_word' id='word_1_163' title='bbox 470 2298 571 2376; x_wconf 83' lang='lat' dir='ltr'><strong>gorius</strong></span> <span class='ocrx_word' id='word_1_164' title='bbox 592 2295 772 2357; x_wconf 80' lang='lat' dir='ltr'><strong>Turonensis</strong></span> <span class='ocrx_word' id='word_1_165' title='bbox 793 2293 871 2356; x_wconf 82' lang='lat' dir='ltr'><strong>llist.</strong></span> <span class='ocrx_word' id='word_1_166' title='bbox 892 2294 1015 2356; x_wconf 86' lang='lat' dir='ltr'><strong>Franco.</strong></span> <span class='ocrx_word' id='word_1_167' title='bbox 1037 2293 1079 2354; x_wconf 88' lang='lat' dir='ltr'><strong>X.</strong></span> <span class='ocrx_word' id='word_1_168' title='bbox 1103 2294 1226 2372; x_wconf 76' lang='grc'>2911111.</span> <span class='ocrx_word' id='word_1_169' title='bbox 1248 2296 1445 2372; x_wconf 76' lang='lat' dir='ltr'><strong>cognoscitur.</strong></span> <span class='ocrx_word' id='word_1_170' title='bbox 1479 2292 1548 2356; x_wconf 89' lang='lat' dir='ltr'><strong>Huc</strong></span> <span class='ocrx_word' id='word_1_171' title='bbox 1569 2311 1687 2372; x_wconf 88' lang='lat' dir='ltr'><strong>quoquo</strong></span> <span class='ocrx_word' id='word_1_172' title='bbox 1709 2297 1812 2375; x_wconf 87' lang='lat' dir='ltr'><strong>roiero,</strong></span> <span class='ocrx_word' id='word_1_173' title='bbox 1836 2313 1912 2374; x_wconf 90' lang='lat' dir='ltr'><strong>quae</strong></span> <span class='ocrx_word' id='word_1_174' title='bbox 1934 2296 1971 2359; x_wconf 88' lang='lat' dir='ltr'><strong>da</strong></span> <span class='ocrx_word' id='word_1_175' title='bbox 1984 2296 2081 2358; x_wconf 88' lang='lat' dir='ltr'><strong>Chro-</strong></span> 
     </span>
     <span class='ocr_line' id='line_1_15' title="bbox 471 2401 2080 2489; baseline -0.001 -20"><span class='ocrx_word' id='word_1_176' title='bbox 471 2408 608 2487; x_wconf 81' lang='lat' dir='ltr'><strong>degango</strong></span> <span class='ocrx_word' id='word_1_177' title='bbox 630 2415 785 2468; x_wconf 88' lang='lat' dir='ltr'><strong>narrantur</strong></span> <span class='ocrx_word' id='word_1_178' title='bbox 807 2401 897 2489; x_wconf 87' lang='lat' dir='ltr'><strong>(apud</strong></span> <span class='ocrx_word' id='word_1_179' title='bbox 917 2405 1078 2468; x_wconf 90' lang='lat' dir='ltr'><strong>Duchesne</strong></span> <span class='ocrx_word' id='word_1_180' title='bbox 1100 2405 1211 2466; x_wconf 87' lang='lat' dir='ltr'><strong>Hister.</strong></span> <span class='ocrx_word' id='word_1_181' title='bbox 1232 2405 1355 2467; x_wconf 85' lang='lat' dir='ltr'><strong>Franco.</strong></span> <span class='ocrx_word' id='word_1_182' title='bbox 1377 2405 1495 2484; x_wconf 77' lang='lat' dir='ltr'><strong>Scriptt.</strong></span> <span class='ocrx_word' id='word_1_183' title='bbox 1517 2407 1557 2466; x_wconf 92' lang='lat' dir='ltr'><strong>ll.</strong></span> <span class='ocrx_word' id='word_1_184' title='bbox 1580 2425 1610 2484; x_wconf 94' lang='lat' dir='ltr'><strong>p.</strong></span> <span class='ocrx_word' id='word_1_185' title='bbox 1633 2401 1724 2486; x_wconf 78' lang='lat'><strong>204),</strong></span> <span class='ocrx_word' id='word_1_186' title='bbox 1754 2411 1804 2485; x_wconf 91' lang='lat' dir='ltr'><strong>qui</strong></span> <span class='ocrx_word' id='word_1_187' title='bbox 1826 2408 1856 2468; x_wconf 93' lang='lat' dir='ltr'><strong>in</strong></span> <span class='ocrx_word' id='word_1_188' title='bbox 1877 2408 1991 2470; x_wconf 87' lang='lat' dir='ltr'><strong>Palatio</strong></span> <span class='ocrx_word' id='word_1_189' title='bbox 2013 2427 2080 2469; x_wconf 90' lang='lat' dir='ltr'><strong>ma·</strong></span> 
     </span>
     <span class='ocr_line' id='line_1_16' title="bbox 465 2517 2080 2600; baseline 0 -19"><span class='ocrx_word' id='word_1_190' title='bbox 465 2521 540 2600; x_wconf 71' lang='lat' dir='ltr'><strong>ioris</strong></span> <span class='ocrx_word' id='word_1_191' title='bbox 559 2519 661 2581; x_wconf 86' lang='lat' dir='ltr'><strong>Karoii</strong></span> <span class='ocrx_word' id='word_1_192' title='bbox 679 2519 718 2581; x_wconf 91' lang='lat' dir='ltr'><strong>ab</strong></span> <span class='ocrx_word' id='word_1_193' title='bbox 737 2522 802 2598; x_wconf 92' lang='lat' dir='ltr'><strong>ipso</strong></span> <span class='ocrx_word' id='word_1_194' title='bbox 818 2521 958 2581; x_wconf 87' lang='lat' dir='ltr'><strong>enutritus</strong></span> <span class='ocrx_word' id='word_1_195' title='bbox 976 2517 1109 2598; x_wconf 82' lang='lat' dir='ltr'><strong>ejusdem</strong></span> <span class='ocrx_word' id='word_1_196' title='bbox 1127 2518 1339 2580; x_wconf 87' lang='lat' dir='ltr'><strong>reierendurius</strong></span> <span class='ocrx_word' id='word_1_197' title='bbox 1358 2521 1466 2580; x_wconf 78' lang='lat' dir='ltr'><strong>exstitit</strong></span> <span class='ocrx_word' id='word_1_198' title='bbox 1480 2537 1516 2580; x_wconf 89' lang='lat' dir='ltr'><strong>nc</strong></span> <span class='ocrx_word' id='word_1_199' title='bbox 1532 2518 1649 2580; x_wconf 90' lang='lat' dir='ltr'><strong>demum</strong></span> <span class='ocrx_word' id='word_1_200' title='bbox 1663 2517 1780 2598; x_wconf 88' lang='lat' dir='ltr'><strong>Pippini</strong></span> <span class='ocrx_word' id='word_1_201' title='bbox 1794 2519 1885 2598; x_wconf 88' lang='lat' dir='ltr'><strong>Regis</strong></span> <span class='ocrx_word' id='word_1_202' title='bbox 1899 2520 2080 2598; x_wconf 83' lang='lat' dir='ltr'><strong>temporibus</strong></span> 
     </span>
     <span class='ocr_line' id='line_1_17' title="bbox 469 2625 1504 2714; baseline -0.001 -20"><span class='ocrx_word' id='word_1_203' title='bbox 469 2633 638 2714; x_wconf 88' lang='lat' dir='ltr'><strong>pontificale</strong></span> <span class='ocrx_word' id='word_1_204' title='bbox 660 2632 750 2694; x_wconf 87' lang='lat' dir='ltr'><strong>decus</strong></span> <span class='ocrx_word' id='word_1_205' title='bbox 772 2634 935 2711; x_wconf 85' lang='lat' dir='ltr'><strong>promeruit</strong></span> <span class='ocrx_word' id='word_1_206' title='bbox 956 2638 1012 2694; x_wconf 77' lang='lat' dir='ltr'><strong>etc.</strong></span> <span class='ocrx_word' id='word_1_207' title='bbox 1490 2625 1504 2660; x_wconf 73' lang='lat'><strong>¹</strong></span> 
     </span>
    </p>

    <p class='ocr_par' dir='ltr' id='par_1_6' title="bbox 469 2736 2081 2941">
     <span class='ocr_line' id='line_1_18' title="bbox 559 2736 2081 2826; baseline -0.001 -20"><span class='ocrx_word' id='word_1_208' title='bbox 559 2739 591 2826; x_wconf 86' lang='lat'><strong>8)</strong></span> <span class='ocrx_word' id='word_1_209' title='bbox 612 2736 711 2808; x_wconf 87' lang='lat' dir='ltr'><strong>Unum</strong></span> <span class='ocrx_word' id='word_1_210' title='bbox 732 2761 931 2806; x_wconf 90' lang='lat' dir='ltr'><strong>commemoro</strong></span> <span class='ocrx_word' id='word_1_211' title='bbox 954 2763 989 2804; x_wconf 87' lang='lat' dir='ltr'><strong>ex</strong></span> <span class='ocrx_word' id='word_1_212' title='bbox 1009 2744 1056 2806; x_wconf 89' lang='lat' dir='ltr'><strong>bis</strong></span> <span class='ocrx_word' id='word_1_213' title='bbox 1078 2741 1197 2806; x_wconf 90' lang='lat' dir='ltr'><strong>scholae</strong></span> <span class='ocrx_word' id='word_1_214' title='bbox 1218 2743 1371 2804; x_wconf 77' lang='lat' dir='ltr'><strong>Palatinae</strong></span> <span class='ocrx_word' id='word_1_215' title='bbox 1392 2743 1641 2824; x_wconf 88' lang='lat' dir='ltr'><strong>praeceptoribus,</strong></span> <span class='ocrx_word' id='word_1_216' title='bbox 1665 2763 1753 2824; x_wconf 90' lang='lat' dir='ltr'><strong>quem</strong></span> <span class='ocrx_word' id='word_1_217' title='bbox 1775 2744 1928 2806; x_wconf 84' lang='lat' dir='ltr'><strong>Fortunati</strong></span> <span class='ocrx_word' id='word_1_218' title='bbox 1949 2746 2081 2807; x_wconf 82' lang='lat' dir='ltr'><strong>carmina</strong></span> 
     </span>
     <span class='ocr_line' id='line_1_19' title="bbox 469 2851 1785 2941; baseline -0.001 -23"><span class='ocrx_word' id='word_1_219' title='bbox 469 2852 550 2941; x_wconf 82' lang='lat' dir='ltr'><strong>(Vll,</strong></span> <span class='ocrx_word' id='word_1_220' title='bbox 575 2851 682 2936; x_wconf 84' lang='lat' dir='ltr'><strong>lsqq.)</strong></span> <span class='ocrx_word' id='word_1_221' title='bbox 705 2855 862 2936; x_wconf 86' lang='lat' dir='ltr'><strong>celebrant,</strong></span> <span class='ocrx_word' id='word_1_222' title='bbox 886 2855 1105 2936; x_wconf 87' lang='lat' dir='ltr'><strong>Gogonem,</strong></span> <span class='ocrx_word' id='word_1_223' title='bbox 1129 2856 1165 2918; x_wconf 88' lang='lat' dir='ltr'><strong>de</strong></span> <span class='ocrx_word' id='word_1_224' title='bbox 1187 2873 1244 2936; x_wconf 93' lang='lat' dir='ltr'><strong>quo</strong></span> <span class='ocrx_word' id='word_1_225' title='bbox 1267 2875 1358 2918; x_wconf 90' lang='lat' dir='ltr'><strong>carm.</strong></span> <span class='ocrx_word' id='word_1_226' title='bbox 1382 2859 1412 2918; x_wconf 86' lang='grc'><strong>4.</strong></span> <span class='ocrx_word' id='word_1_227' title='bbox 1434 2875 1480 2917; x_wconf 88' lang='lat' dir='ltr'><strong>rs.</strong></span> <span class='ocrx_word' id='word_1_228' title='bbox 1503 2857 1554 2918; x_wconf 80' lang='lat'><strong>25.</strong></span> <span class='ocrx_word' id='word_1_229' title='bbox 1578 2857 1620 2917; x_wconf 76' lang='lat' dir='ltr'><strong>aa</strong></span> <span class='ocrx_word' id='word_1_230' title='bbox 1642 2855 1785 2936; x_wconf 78' lang='lat' dir='ltr'><strong>legimus:</strong></span> 
     </span>
    </p>
   </div>
   <div class='ocr_carea' id='block_1_5' title="bbox 855 2984 1593 3145">
    <p class='ocr_par' dir='ltr' id='par_1_7' title="bbox 855 2984 1593 3145">
     <span class='ocr_line' id='line_1_20' title="bbox 855 2984 1496 3050; baseline -0.003 -14"><span class='ocrx_word' id='word_1_231' title='bbox 855 3013 859 3019; x_wconf 91' lang='lat'><em>·</em></span> <span class='ocrx_word' id='word_1_232' title='bbox 884 2986 938 3036; x_wconf 87' lang='lat' dir='ltr'><strong>sire</strong></span> <span class='ocrx_word' id='word_1_233' title='bbox 956 2985 1070 3050; x_wconf 81' lang='lat' dir='ltr'><strong>palatina</strong></span> <span class='ocrx_word' id='word_1_234' title='bbox 1087 2985 1177 3036; x_wconf 86' lang='lat' dir='ltr'><strong>residet</strong></span> <span class='ocrx_word' id='word_1_235' title='bbox 1193 2984 1267 3036; x_wconf 89' lang='lat' dir='ltr'><strong>modo</strong></span> <span class='ocrx_word' id='word_1_236' title='bbox 1285 2985 1367 3036; x_wconf 83' lang='lat' dir='ltr'><strong>laetus</strong></span> <span class='ocrx_word' id='word_1_237' title='bbox 1383 2985 1412 3035; x_wconf 91' lang='lat' dir='ltr'><strong>in</strong></span> <span class='ocrx_word' id='word_1_238' title='bbox 1429 2985 1496 3046; x_wconf 82' lang='lat' dir='ltr'><strong>suls,</strong></span> 
     </span>
     <span class='ocr_line' id='line_1_21' title="bbox 936 3079 1593 3145; baseline 0.002 -14"><span class='ocrx_word' id='word_1_239' title='bbox 936 3082 979 3132; x_wconf 89' lang='lat' dir='ltr'><strong>cul</strong></span> <span class='ocrx_word' id='word_1_240' title='bbox 995 3081 1080 3132; x_wconf 83' lang='lat' dir='ltr'><strong>sebois</strong></span> <span class='ocrx_word' id='word_1_241' title='bbox 1097 3080 1256 3143; x_wconf 77' lang='lat' dir='ltr'><strong>congrediens</strong></span> <span class='ocrx_word' id='word_1_242' title='bbox 1274 3079 1374 3145; x_wconf 83' lang='lat' dir='ltr'><strong>plaudit</strong></span> <span class='ocrx_word' id='word_1_243' title='bbox 1391 3094 1474 3131; x_wconf 80' lang='lat' dir='ltr'><strong>amora</strong></span> <span class='ocrx_word' id='word_1_244' title='bbox 1491 3093 1593 3144; x_wconf 83' lang='lat' dir='ltr'><strong>sequax.</strong></span> 
     </span>
    </p>
   </div>
   <div class='ocr_carea' id='block_1_6' title="bbox 466 3189 2114 5073">
    <p class='ocr_par' dir='ltr' id='par_1_8' title="bbox 468 3189 2114 3950">
     <span class='ocr_line' id='line_1_22' title="bbox 557 3189 2081 3278; baseline 0.001 -23"><span class='ocrx_word' id='word_1_245' title='bbox 557 3189 589 3275; x_wconf 81' lang='grc'><strong>9)</strong></span> <span class='ocrx_word' id='word_1_246' title='bbox 612 3193 699 3256; x_wconf 88' lang='lat' dir='ltr'><strong>Hanc</strong></span> <span class='ocrx_word' id='word_1_247' title='bbox 721 3193 840 3257; x_wconf 87' lang='lat' dir='ltr'><strong>scholae</strong></span> <span class='ocrx_word' id='word_1_248' title='bbox 861 3195 1071 3256; x_wconf 76' lang='lat' dir='ltr'><strong>Palatinae</strong></span> <span class='ocrx_word' id='word_1_249' title='bbox 1094 3195 1235 3274; x_wconf 74' lang='lat' dir='ltr'><strong>originem</strong></span> <span class='ocrx_word' id='word_1_250' title='bbox 1255 3212 1294 3255; x_wconf 82' lang='lat' dir='ltr'><strong>ex</strong></span> <span class='ocrx_word' id='word_1_251' title='bbox 1314 3192 1470 3255; x_wconf 87' lang='lat' dir='ltr'><strong>Palatio</strong></span> <span class='ocrx_word' id='word_1_252' title='bbox 1492 3197 1556 3256; x_wconf 81' lang='lat' dir='ltr'><strong>sire</strong></span> <span class='ocrx_word' id='word_1_253' title='bbox 1578 3194 1677 3256; x_wconf 83' lang='lat' dir='ltr'><strong>Aula</strong></span> <span class='ocrx_word' id='word_1_254' title='bbox 1700 3191 1780 3278; x_wconf 90' lang='lat' dir='ltr'><strong>(nam</strong></span> <span class='ocrx_word' id='word_1_255' title='bbox 1802 3202 1957 3275; x_wconf 88' lang='lat' dir='ltr'><strong>utmmque</strong></span> <span class='ocrx_word' id='word_1_256' title='bbox 1975 3195 2081 3257; x_wconf 87' lang='lat' dir='ltr'><strong>eudem</strong></span> 
     </span>
     <span class='ocr_line' id='line_1_23' title="bbox 468 3288 2080 3388; baseline 0.001 -19"><span class='ocrx_word' id='word_1_257' title='bbox 468 3307 560 3370; x_wconf 88' lang='lat' dir='ltr'><strong>redit:</strong></span> <span class='ocrx_word' id='word_1_258' title='bbox 583 3309 620 3370; x_wconf 90' lang='grc'><strong>11.</strong></span> <span class='ocrx_word' id='word_1_259' title='bbox 642 3307 746 3385; x_wconf 82' lang='lat' dir='ltr'><strong>Perta,</strong></span> <span class='ocrx_word' id='word_1_260' title='bbox 769 3307 936 3369; x_wconf 79' lang='lat' dir='ltr'><strong>Gcsehiebt.</strong></span> <span class='ocrx_word' id='word_1_261' title='bbox 959 3288 1176 3384; x_wconf 53' lang='lat' dir='ltr'><strong>dshleroring.</strong></span> <span class='ocrx_word' id='word_1_262' title='bbox 1207 3306 1385 3368; x_wconf 87' lang='lat' dir='ltr'><strong>Hausmeier</strong></span> <span class='ocrx_word' id='word_1_263' title='bbox 1405 3326 1435 3386; x_wconf 93' lang='lat' dir='ltr'><strong>p.</strong></span> <span class='ocrx_word' id='word_1_264' title='bbox 1461 3308 1521 3368; x_wconf 82' lang='grc'><strong>148</strong></span> <span class='ocrx_word' id='word_1_265' title='bbox 1533 3303 1590 3386; x_wconf 91' lang='lat' dir='ltr'><strong>sq.)</strong></span> <span class='ocrx_word' id='word_1_266' title='bbox 1625 3307 1864 3386; x_wconf 84' lang='lat' dir='ltr'><strong>lleroringorum</strong></span> <span class='ocrx_word' id='word_1_267' title='bbox 1891 3308 2080 3388; x_wconf 86' lang='lat' dir='ltr'><strong>repetendam</strong></span> 
     </span>
     <span class='ocr_line' id='line_1_24' title="bbox 468 3419 2114 3500; baseline 0.001 -20"><span class='ocrx_word' id='word_1_268' title='bbox 468 3437 563 3500; x_wconf 89' lang='lat' dir='ltr'><strong>nuper</strong></span> <span class='ocrx_word' id='word_1_269' title='bbox 583 3421 625 3480; x_wconf 88' lang='lat' dir='ltr'><strong>ita</strong></span> <span class='ocrx_word' id='word_1_270' title='bbox 645 3419 784 3498; x_wconf 80' lang='lat' dir='ltr'><strong>probarit</strong></span> <span class='ocrx_word' id='word_1_271' title='bbox 804 3419 883 3481; x_wconf 91' lang='lat' dir='ltr'><strong>Dom</strong></span> <span class='ocrx_word' id='word_1_272' title='bbox 903 3421 986 3480; x_wconf 87' lang='lat' dir='ltr'><strong>Pitra</strong></span> <span class='ocrx_word' id='word_1_273' title='bbox 1006 3419 1026 3480; x_wconf 94' lang='lat' dir='ltr'><strong>l.</strong></span> <span class='ocrx_word' id='word_1_274' title='bbox 1048 3419 1068 3480; x_wconf 95' lang='grc'><strong>1.</strong></span> <span class='ocrx_word' id='word_1_275' title='bbox 1090 3438 1120 3498; x_wconf 89' lang='lat' dir='ltr'><strong>p.</strong></span> <span class='ocrx_word' id='word_1_276' title='bbox 1144 3422 1255 3500; x_wconf 72' lang='lat' dir='ltr'><strong>lisq,</strong></span> <span class='ocrx_word' id='word_1_277' title='bbox 1277 3427 1310 3481; x_wconf 86' lang='lat' dir='ltr'><strong>ut</strong></span> <span class='ocrx_word' id='word_1_278' title='bbox 1331 3423 1361 3480; x_wconf 91' lang='lat' dir='ltr'><strong>in</strong></span> <span class='ocrx_word' id='word_1_279' title='bbox 1382 3420 1428 3480; x_wconf 91' lang='lat' dir='ltr'><strong>his</strong></span> <span class='ocrx_word' id='word_1_280' title='bbox 1450 3419 1695 3498; x_wconf 86' lang='lat' dir='ltr'><strong>acquiescendum</strong></span> <span class='ocrx_word' id='word_1_281' title='bbox 1725 3419 1812 3498; x_wconf 89' lang='lat' dir='ltr'><strong>piane</strong></span> <span class='ocrx_word' id='word_1_282' title='bbox 1840 3423 2020 3482; x_wconf 82' lang='lat' dir='ltr'><strong>existimem:</strong></span> <span class='ocrx_word' id='word_1_283' title='bbox 2049 3421 2080 3483; x_wconf 89' lang='lat' dir='ltr'><strong>id</strong></span> <span class='ocrx_word' id='word_1_284' title='bbox 2111 3435 2114 3442; x_wconf 89' lang='grc'>·</span> 
     </span>
     <span class='ocr_line' id='line_1_25' title="bbox 469 3528 2081 3611; baseline 0 -19"><span class='ocrx_word' id='word_1_285' title='bbox 469 3549 540 3594; x_wconf 85' lang='lat' dir='ltr'><strong>reso</strong></span> <span class='ocrx_word' id='word_1_286' title='bbox 563 3531 667 3611; x_wconf 88' lang='lat' dir='ltr'><strong>doleo,</strong></span> <span class='ocrx_word' id='word_1_287' title='bbox 694 3528 778 3610; x_wconf 88' lang='lat' dir='ltr'><strong>quod</strong></span> <span class='ocrx_word' id='word_1_288' title='bbox 808 3549 896 3609; x_wconf 87' lang='lat' dir='ltr'><strong>quam</strong></span> <span class='ocrx_word' id='word_1_289' title='bbox 923 3533 1058 3609; x_wconf 85' lang='lat' dir='ltr'><strong>promisit</strong></span> <span class='ocrx_word' id='word_1_290' title='bbox 1084 3538 1185 3592; x_wconf 89' lang='lat' dir='ltr'><strong>notam</strong></span> <span class='ocrx_word' id='word_1_291' title='bbox 1212 3532 1248 3593; x_wconf 91' lang='lat' dir='ltr'><strong>de</strong></span> <span class='ocrx_word' id='word_1_292' title='bbox 1274 3532 1389 3611; x_wconf 87' lang='lat' dir='ltr'><strong>capelia</strong></span> <span class='ocrx_word' id='word_1_293' title='bbox 1411 3531 1667 3611; x_wconf 83' lang='lat' dir='ltr'><strong>blesoringomm,</strong></span> <span class='ocrx_word' id='word_1_294' title='bbox 1698 3551 1788 3610; x_wconf 90' lang='lat' dir='ltr'><strong>quam</strong></span> <span class='ocrx_word' id='word_1_295' title='bbox 1810 3551 1877 3594; x_wconf 90' lang='lat' dir='ltr'><strong>eum</strong></span> <span class='ocrx_word' id='word_1_296' title='bbox 1898 3532 1956 3594; x_wconf 89' lang='lat' dir='ltr'><strong>irae</strong></span> <span class='ocrx_word' id='word_1_297' title='bbox 1977 3532 2081 3594; x_wconf 87' lang='lat' dir='ltr'><strong>schola</strong></span> 
     </span>
     <span class='ocr_line' id='line_1_26' title="bbox 470 3643 2081 3724; baseline 0 -20"><span class='ocrx_word' id='word_1_298' title='bbox 470 3643 657 3722; x_wconf 87' lang='lat' dir='ltr'><strong>cunjunctam</strong></span> <span class='ocrx_word' id='word_1_299' title='bbox 679 3643 748 3705; x_wconf 90' lang='lat' dir='ltr'><strong>oiim</strong></span> <span class='ocrx_word' id='word_1_300' title='bbox 771 3644 860 3705; x_wconf 82' lang='lat' dir='ltr'><strong>luisse</strong></span> <span class='ocrx_word' id='word_1_301' title='bbox 882 3652 960 3705; x_wconf 86' lang='lat' dir='ltr'><strong>reeta</strong></span> <span class='ocrx_word' id='word_1_302' title='bbox 989 3643 1153 3723; x_wconf 90' lang='lat' dir='ltr'><strong>contendit,</strong></span> <span class='ocrx_word' id='word_1_303' title='bbox 1181 3651 1285 3722; x_wconf 87' lang='lat' dir='ltr'><strong>postea</strong></span> <span class='ocrx_word' id='word_1_304' title='bbox 1315 3649 1449 3706; x_wconf 86' lang='lat' dir='ltr'><strong>omittere</strong></span> <span class='ocrx_word' id='word_1_305' title='bbox 1478 3651 1598 3706; x_wconf 88' lang='lat' dir='ltr'><strong>coactus</strong></span> <span class='ocrx_word' id='word_1_306' title='bbox 1628 3646 1697 3724; x_wconf 73' lang='lat' dir='ltr'><strong>luit,</strong></span> <span class='ocrx_word' id='word_1_307' title='bbox 1725 3645 1786 3705; x_wconf 85' lang='lat' dir='ltr'><strong>rid.</strong></span> <span class='ocrx_word' id='word_1_308' title='bbox 1807 3663 1839 3724; x_wconf 94' lang='lat' dir='ltr'><strong>p.</strong></span> <span class='ocrx_word' id='word_1_309' title='bbox 1862 3645 1935 3706; x_wconf 83' lang='grc'>419.</span> <span class='ocrx_word' id='word_1_310' title='bbox 1980 3643 2081 3724; x_wconf 89' lang='lat' dir='ltr'><strong>Opera</strong></span> 
     </span>
     <span class='ocr_line' id='line_1_27' title="bbox 468 3755 2081 3835; baseline 0.001 -19"><span class='ocrx_word' id='word_1_311' title='bbox 468 3757 726 3834; x_wconf 83' lang='lat' dir='ltr'><strong>grammaticorum</strong></span> <span class='ocrx_word' id='word_1_312' title='bbox 748 3755 856 3816; x_wconf 89' lang='lat' dir='ltr'><strong>inedita</strong></span> <span class='ocrx_word' id='word_1_313' title='bbox 879 3773 915 3817; x_wconf 88' lang='lat' dir='ltr'><strong>ex</strong></span> <span class='ocrx_word' id='word_1_314' title='bbox 935 3755 992 3817; x_wconf 84' lang='lat' dir='ltr'><strong>isac</strong></span> <span class='ocrx_word' id='word_1_315' title='bbox 1008 3755 1144 3816; x_wconf 87' lang='lat' dir='ltr'><strong>Palatius</strong></span> <span class='ocrx_word' id='word_1_316' title='bbox 1166 3755 1266 3817; x_wconf 90' lang='lat' dir='ltr'><strong>schola</strong></span> <span class='ocrx_word' id='word_1_317' title='bbox 1287 3757 1420 3835; x_wconf 87' lang='lat' dir='ltr'><strong>proiecta</strong></span> <span class='ocrx_word' id='word_1_318' title='bbox 1442 3756 1519 3816; x_wconf 92' lang='lat' dir='ltr'><strong>idom</strong></span> <span class='ocrx_word' id='word_1_319' title='bbox 1542 3775 1575 3818; x_wconf 90' lang='lat' dir='ltr'><strong>se</strong></span> <span class='ocrx_word' id='word_1_320' title='bbox 1597 3756 1742 3817; x_wconf 89' lang='lat' dir='ltr'><strong>editurum</strong></span> <span class='ocrx_word' id='word_1_321' title='bbox 1763 3760 1913 3835; x_wconf 89' lang='lat' dir='ltr'><strong>promittit,</strong></span> <span class='ocrx_word' id='word_1_322' title='bbox 1935 3757 2081 3818; x_wconf 83' lang='lat' dir='ltr'><strong>Archises</strong></span> 
     </span>
     <span class='ocr_line' id='line_1_28' title="bbox 470 3863 1361 3950; baseline 0.003 -23"><span class='ocrx_word' id='word_1_323' title='bbox 470 3865 523 3928; x_wconf 91' lang='lat' dir='ltr'><strong>des</strong></span> <span class='ocrx_word' id='word_1_324' title='bbox 544 3869 626 3928; x_wconf 89' lang='lat' dir='ltr'><strong>miss.</strong></span> <span class='ocrx_word' id='word_1_325' title='bbox 648 3867 845 3945; x_wconf 87' lang='lat' dir='ltr'><strong>seientiiiques</strong></span> <span class='ocrx_word' id='word_1_326' title='bbox 869 3865 963 3950; x_wconf 81' lang='lat' dir='ltr'><strong>(Paris</strong></span> <span class='ocrx_word' id='word_1_327' title='bbox 990 3863 1084 3949; x_wconf 83' lang='grc'>1811)</span> <span class='ocrx_word' id='word_1_328' title='bbox 1106 3867 1158 3947; x_wconf 91' lang='lat' dir='ltr'><strong>IV,</strong></span> <span class='ocrx_word' id='word_1_329' title='bbox 1181 3869 1210 3930; x_wconf 84' lang='grc'><strong>8.</strong></span> <span class='ocrx_word' id='word_1_330' title='bbox 1231 3887 1262 3947; x_wconf 92' lang='lat' dir='ltr'><strong>p.</strong></span> <span class='ocrx_word' id='word_1_331' title='bbox 1287 3870 1361 3930; x_wconf 76' lang='lat'><strong>102.</strong></span> 
     </span>
    </p>

    <p class='ocr_par' dir='ltr' id='par_1_9' title="bbox 559 3972 1806 4059">
     <span class='ocr_line' id='line_1_29' title="bbox 559 3972 1806 4059; baseline 0.003 -21"><span class='ocrx_word' id='word_1_332' title='bbox 559 3972 611 4059; x_wconf 92' lang='grc'><strong>10)</strong></span> <span class='ocrx_word' id='word_1_333' title='bbox 634 3977 718 4041; x_wconf 85' lang='lat' dir='ltr'><strong>Cossi.</strong></span> <span class='ocrx_word' id='word_1_334' title='bbox 740 3979 1015 4043; x_wconf 82' lang='lat' dir='ltr'><strong>Histoireiitemira</strong></span> <span class='ocrx_word' id='word_1_335' title='bbox 1038 3981 1074 4042; x_wconf 90' lang='lat' dir='ltr'><strong>de</strong></span> <span class='ocrx_word' id='word_1_336' title='bbox 1096 3979 1126 4040; x_wconf 91' lang='lat' dir='ltr'><strong>ia</strong></span> <span class='ocrx_word' id='word_1_337' title='bbox 1147 3980 1269 4042; x_wconf 86' lang='lat' dir='ltr'><strong>Franco.</strong></span> <span class='ocrx_word' id='word_1_338' title='bbox 1302 3979 1339 4041; x_wconf 87' lang='grc' dir='ltr'><strong>Τ.</strong></span> <span class='ocrx_word' id='word_1_339' title='bbox 1360 3979 1415 4040; x_wconf 82' lang='lat' dir='ltr'><strong>III.</strong></span> <span class='ocrx_word' id='word_1_340' title='bbox 1437 3998 1467 4059; x_wconf 88' lang='lat' dir='ltr'><strong>p.</strong></span> <span class='ocrx_word' id='word_1_341' title='bbox 1491 3981 1534 4041; x_wconf 82' lang='lat'><strong>20</strong></span> <span class='ocrx_word' id='word_1_342' title='bbox 1544 3998 1610 4059; x_wconf 89' lang='lat' dir='ltr'><strong>sqq.</strong></span> <span class='ocrx_word' id='word_1_343' title='bbox 1631 3999 1663 4059; x_wconf 91' lang='lat' dir='ltr'><strong>p.</strong></span> <span class='ocrx_word' id='word_1_344' title='bbox 1685 3981 1727 4041; x_wconf 72' lang='grc'><strong>11</strong></span> <span class='ocrx_word' id='word_1_345' title='bbox 1740 3998 1806 4059; x_wconf 87' lang='lat' dir='ltr'><strong>sqq.</strong></span> 
     </span>
    </p>

    <p class='ocr_par' dir='ltr' id='par_1_10' title="bbox 466 4085 2083 5073">
     <span class='ocr_line' id='line_1_30' title="bbox 559 4085 2080 4173; baseline 0.002 -22"><span class='ocrx_word' id='word_1_346' title='bbox 559 4085 610 4170; x_wconf 93' lang='lat' dir='ltr'><strong>ll)</strong></span> <span class='ocrx_word' id='word_1_347' title='bbox 633 4090 712 4152; x_wconf 78' lang='lat' dir='ltr'><strong>Hist.</strong></span> <span class='ocrx_word' id='word_1_348' title='bbox 732 4091 852 4153; x_wconf 79' lang='lat' dir='ltr'><strong>Franco</strong></span> <span class='ocrx_word' id='word_1_349' title='bbox 874 4093 916 4171; x_wconf 81' lang='lat' dir='ltr'><strong>X,</strong></span> <span class='ocrx_word' id='word_1_350' title='bbox 942 4094 991 4153; x_wconf 87' lang='grc'><strong>18.</strong></span> <span class='ocrx_word' id='word_1_351' title='bbox 1012 4111 1041 4172; x_wconf 92' lang='lat' dir='ltr'><strong>p.</strong></span> <span class='ocrx_word' id='word_1_352' title='bbox 1065 4093 1127 4153; x_wconf 87' lang='grc'><strong>138</strong></span> <span class='ocrx_word' id='word_1_353' title='bbox 1151 4091 1198 4154; x_wconf 93' lang='lat' dir='ltr'><strong>ed.</strong></span> <span class='ocrx_word' id='word_1_354' title='bbox 1213 4093 1363 4154; x_wconf 73' lang='lat' dir='ltr'><strong>Ruinam:</strong></span> <span class='ocrx_word' id='word_1_355' title='bbox 1387 4092 1521 4172; x_wconf 88' lang='lat' dir='ltr'><strong>,Quodsi</strong></span> <span class='ocrx_word' id='word_1_356' title='bbox 1543 4101 1580 4172; x_wconf 90' lang='lat' dir='ltr'><strong>te,</strong></span> <span class='ocrx_word' id='word_1_357' title='bbox 1603 4091 1749 4155; x_wconf 87' lang='lat' dir='ltr'><strong>Sacerdos</strong></span> <span class='ocrx_word' id='word_1_358' title='bbox 1773 4093 1827 4172; x_wconf 83' lang='lat' dir='ltr'><strong>slei,</strong></span> <span class='ocrx_word' id='word_1_359' title='bbox 1850 4095 2016 4171; x_wconf 90' lang='lat' dir='ltr'><strong>quicunque</strong></span> <span class='ocrx_word' id='word_1_360' title='bbox 2037 4110 2080 4173; x_wconf 86' lang='lat' dir='ltr'><strong>es,</strong></span> 
     </span>
     <span class='ocr_line' id='line_1_31' title="bbox 468 4201 2081 4286; baseline 0.001 -22"><span class='ocrx_word' id='word_1_361' title='bbox 468 4201 632 4264; x_wconf 85' lang='lat' dir='ltr'><strong>Martianus</strong></span> <span class='ocrx_word' id='word_1_362' title='bbox 654 4211 755 4264; x_wconf 89' lang='lat' dir='ltr'><strong>noster</strong></span> <span class='ocrx_word' id='word_1_363' title='bbox 776 4212 889 4284; x_wconf 88' lang='lat' dir='ltr'><strong>septem</strong></span> <span class='ocrx_word' id='word_1_364' title='bbox 911 4204 1071 4283; x_wconf 89' lang='lat' dir='ltr'><strong>disciplinis</strong></span> <span class='ocrx_word' id='word_1_365' title='bbox 1094 4204 1205 4283; x_wconf 87' lang='lat' dir='ltr'><strong>emdiit,</strong></span> <span class='ocrx_word' id='word_1_366' title='bbox 1228 4205 1258 4266; x_wconf 89' lang='lat' dir='ltr'><strong>id</strong></span> <span class='ocrx_word' id='word_1_367' title='bbox 1280 4214 1334 4284; x_wconf 87' lang='lat' dir='ltr'><strong>est,</strong></span> <span class='ocrx_word' id='word_1_368' title='bbox 1357 4207 1382 4264; x_wconf 89' lang='lat' dir='ltr'><strong>si</strong></span> <span class='ocrx_word' id='word_1_369' title='bbox 1405 4212 1433 4266; x_wconf 90' lang='lat' dir='ltr'><strong>tc</strong></span> <span class='ocrx_word' id='word_1_370' title='bbox 1456 4207 1486 4264; x_wconf 87' lang='lat' dir='ltr'><strong>iu</strong></span> <span class='ocrx_word' id='word_1_371' title='bbox 1503 4207 1702 4284; x_wconf 83' lang='lat' dir='ltr'><strong>grammaticis</strong></span> <span class='ocrx_word' id='word_1_372' title='bbox 1722 4204 1820 4266; x_wconf 88' lang='lat' dir='ltr'><strong>docuit</strong></span> <span class='ocrx_word' id='word_1_373' title='bbox 1837 4205 1945 4286; x_wconf 87' lang='lat' dir='ltr'><strong>legera,</strong></span> <span class='ocrx_word' id='word_1_374' title='bbox 1967 4208 1998 4266; x_wconf 92' lang='lat' dir='ltr'><strong>in</strong></span> <span class='ocrx_word' id='word_1_375' title='bbox 2015 4205 2081 4266; x_wconf 90' lang='lat' dir='ltr'><strong>dia-</strong></span> 
     </span>
     <span class='ocr_line' id='line_1_32' title="bbox 467 4314 2081 4398; baseline 0.002 -24"><span class='ocrx_word' id='word_1_376' title='bbox 467 4314 578 4378; x_wconf 88' lang='lat' dir='ltr'><strong>lecticis</strong></span> <span class='ocrx_word' id='word_1_377' title='bbox 600 4315 823 4377; x_wconf 85' lang='lat' dir='ltr'><strong>altercationum</strong></span> <span class='ocrx_word' id='word_1_378' title='bbox 844 4319 1059 4395; x_wconf 88' lang='lat' dir='ltr'><strong>propositiones</strong></span> <span class='ocrx_word' id='word_1_379' title='bbox 1082 4316 1250 4396; x_wconf 84' lang='lat' dir='ltr'><strong>advertere,</strong></span> <span class='ocrx_word' id='word_1_380' title='bbox 1280 4320 1311 4378; x_wconf 87' lang='lat' dir='ltr'><strong>in</strong></span> <span class='ocrx_word' id='word_1_381' title='bbox 1341 4316 1492 4378; x_wconf 87' lang='lat' dir='ltr'><strong>rhetoricis</strong></span> <span class='ocrx_word' id='word_1_382' title='bbox 1521 4335 1633 4396; x_wconf 89' lang='lat' dir='ltr'><strong>genera</strong></span> <span class='ocrx_word' id='word_1_383' title='bbox 1661 4323 1820 4378; x_wconf 89' lang='lat' dir='ltr'><strong>metrorum</strong></span> <span class='ocrx_word' id='word_1_384' title='bbox 1843 4335 2021 4398; x_wconf 86' lang='lat' dir='ltr'><strong>agnoscere,</strong></span> <span class='ocrx_word' id='word_1_385' title='bbox 2050 4319 2081 4378; x_wconf 92' lang='lat' dir='ltr'><strong>ln</strong></span> 
     </span>
     <span class='ocr_line' id='line_1_33' title="bbox 468 4428 2080 4508; baseline 0.002 -20"><span class='ocrx_word' id='word_1_386' title='bbox 468 4430 656 4506; x_wconf 86' lang='lat' dir='ltr'><strong>geometricis</strong></span> <span class='ocrx_word' id='word_1_387' title='bbox 678 4433 822 4488; x_wconf 89' lang='lat' dir='ltr'><strong>terrarum</strong></span> <span class='ocrx_word' id='word_1_388' title='bbox 842 4429 1043 4507; x_wconf 88' lang='lat' dir='ltr'><strong>linearumque</strong></span> <span class='ocrx_word' id='word_1_389' title='bbox 1066 4447 1218 4490; x_wconf 89' lang='lat' dir='ltr'><strong>mensuras</strong></span> <span class='ocrx_word' id='word_1_390' title='bbox 1240 4428 1386 4508; x_wconf 86' lang='lat' dir='ltr'><strong>colligere,</strong></span> <span class='ocrx_word' id='word_1_391' title='bbox 1409 4432 1439 4488; x_wconf 90' lang='lat' dir='ltr'><strong>in</strong></span> <span class='ocrx_word' id='word_1_392' title='bbox 1462 4429 1646 4508; x_wconf 85' lang='lat' dir='ltr'><strong>astrologicis</strong></span> <span class='ocrx_word' id='word_1_393' title='bbox 1669 4447 1772 4491; x_wconf 90' lang='lat' dir='ltr'><strong>cursus</strong></span> <span class='ocrx_word' id='word_1_394' title='bbox 1795 4429 1921 4492; x_wconf 88' lang='lat' dir='ltr'><strong>siderum</strong></span> <span class='ocrx_word' id='word_1_395' title='bbox 1944 4438 2080 4493; x_wconf 90' lang='lat' dir='ltr'><strong>contem·</strong></span> 
     </span>
     <span class='ocr_line' id='line_1_34' title="bbox 466 4537 2083 4622; baseline 0.003 -23"><span class='ocrx_word' id='word_1_396' title='bbox 466 4537 551 4619; x_wconf 88' lang='lat' dir='ltr'><strong>plari,</strong></span> <span class='ocrx_word' id='word_1_397' title='bbox 575 4541 604 4599; x_wconf 95' lang='lat' dir='ltr'><strong>in</strong></span> <span class='ocrx_word' id='word_1_398' title='bbox 626 4539 816 4601; x_wconf 85' lang='lat' dir='ltr'><strong>arithmeticis</strong></span> <span class='ocrx_word' id='word_1_399' title='bbox 838 4558 1025 4602; x_wconf 88' lang='lat' dir='ltr'><strong>numerumm</strong></span> <span class='ocrx_word' id='word_1_400' title='bbox 1043 4549 1142 4620; x_wconf 89' lang='lat' dir='ltr'><strong>partes</strong></span> <span class='ocrx_word' id='word_1_401' title='bbox 1162 4541 1305 4622; x_wconf 86' lang='lat' dir='ltr'><strong>colligere,</strong></span> <span class='ocrx_word' id='word_1_402' title='bbox 1328 4545 1358 4602; x_wconf 90' lang='lat' dir='ltr'><strong>in</strong></span> <span class='ocrx_word' id='word_1_403' title='bbox 1377 4541 1535 4603; x_wconf 90' lang='lat' dir='ltr'><strong>harmoniis</strong></span> <span class='ocrx_word' id='word_1_404' title='bbox 1554 4561 1695 4605; x_wconf 90' lang='lat' dir='ltr'><strong>sonorum</strong></span> <span class='ocrx_word' id='word_1_405' title='bbox 1713 4540 1927 4605; x_wconf 88' lang='lat' dir='ltr'><strong>modulationes</strong></span> <span class='ocrx_word' id='word_1_406' title='bbox 1944 4545 2083 4606; x_wconf 86' lang='lat' dir='ltr'><strong>suarium</strong></span> 
     </span>
     <span class='ocr_line' id='line_1_35' title="bbox 468 4653 2083 4733; baseline 0.004 -22"><span class='ocrx_word' id='word_1_407' title='bbox 468 4659 644 4714; x_wconf 86' lang='lat' dir='ltr'><strong>accentuum</strong></span> <span class='ocrx_word' id='word_1_408' title='bbox 672 4654 850 4715; x_wconf 87' lang='lat' dir='ltr'><strong>carminibus</strong></span> <span class='ocrx_word' id='word_1_409' title='bbox 873 4671 1067 4733; x_wconf 85' lang='lat' dir='ltr'><strong>concrepare:</strong></span> <span class='ocrx_word' id='word_1_410' title='bbox 1102 4657 1128 4714; x_wconf 89' lang='lat' dir='ltr'><strong>si</strong></span> <span class='ocrx_word' id='word_1_411' title='bbox 1157 4655 1186 4714; x_wconf 87' lang='lat' dir='ltr'><strong>in</strong></span> <span class='ocrx_word' id='word_1_412' title='bbox 1215 4655 1260 4715; x_wconf 92' lang='lat' dir='ltr'><strong>his</strong></span> <span class='ocrx_word' id='word_1_413' title='bbox 1289 4655 1425 4716; x_wconf 91' lang='lat' dir='ltr'><strong>omnibus</strong></span> <span class='ocrx_word' id='word_1_414' title='bbox 1448 4657 1489 4715; x_wconf 88' lang='lat' dir='ltr'><strong>ita</strong></span> <span class='ocrx_word' id='word_1_415' title='bbox 1517 4655 1605 4715; x_wconf 84' lang='grc'>1111111</span> <span class='ocrx_word' id='word_1_416' title='bbox 1636 4653 1831 4716; x_wconf 75' lang='lat' dir='ltr'><strong>exercitatus“</strong></span> <span class='ocrx_word' id='word_1_417' title='bbox 1855 4663 1989 4718; x_wconf 83' lang='grc'>111111.</span> <span class='ocrx_word' id='word_1_418' title='bbox 2031 4653 2083 4717; x_wconf 83' lang='lat' dir='ltr'><strong>Sia</strong></span> 
     </span>
     <span class='ocr_line' id='line_1_36' title="bbox 468 4764 2083 4845; baseline 0.003 -22"><span class='ocrx_word' id='word_1_419' title='bbox 468 4779 586 4842; x_wconf 87' lang='lat' dir='ltr'><strong>quoque</strong></span> <span class='ocrx_word' id='word_1_420' title='bbox 608 4767 640 4824; x_wconf 89' lang='lat' dir='ltr'><strong>in</strong></span> <span class='ocrx_word' id='word_1_421' title='bbox 660 4764 734 4828; x_wconf 86' lang='lat' dir='ltr'><strong>urba</strong></span> <span class='ocrx_word' id='word_1_422' title='bbox 757 4765 893 4827; x_wconf 86' lang='lat' dir='ltr'><strong>Romana</strong></span> <span class='ocrx_word' id='word_1_423' title='bbox 914 4775 1028 4845; x_wconf 88' lang='lat' dir='ltr'><strong>septem</strong></span> <span class='ocrx_word' id='word_1_424' title='bbox 1049 4769 1156 4827; x_wconf 87' lang='lat' dir='ltr'><strong>artium</strong></span> <span class='ocrx_word' id='word_1_425' title='bbox 1176 4766 1338 4828; x_wconf 90' lang='lat' dir='ltr'><strong>liberalium</strong></span> <span class='ocrx_word' id='word_1_426' title='bbox 1361 4767 1459 4827; x_wconf 90' lang='lat' dir='ltr'><strong>studia</strong></span> <span class='ocrx_word' id='word_1_427' title='bbox 1485 4784 1539 4845; x_wconf 92' lang='lat' dir='ltr'><strong>per</strong></span> <span class='ocrx_word' id='word_1_428' title='bbox 1560 4764 1737 4844; x_wconf 86' lang='lat' dir='ltr'><strong>Gregorium</strong></span> <span class='ocrx_word' id='word_1_429' title='bbox 1758 4765 1901 4828; x_wconf 86' lang='lat' dir='ltr'><strong>Sanctum</strong></span> <span class='ocrx_word' id='word_1_430' title='bbox 1922 4765 2083 4828; x_wconf 86' lang='lat' dir='ltr'><strong>admodum</strong></span> 
     </span>
     <span class='ocr_line' id='line_1_37' title="bbox 469 4873 2082 4960; baseline 0.005 -26"><span class='ocrx_word' id='word_1_431' title='bbox 469 4873 548 4936; x_wconf 88' lang='lat' dir='ltr'><strong>culta</strong></span> <span class='ocrx_word' id='word_1_432' title='bbox 574 4876 709 4956; x_wconf 88' lang='lat' dir='ltr'><strong>adeoque</strong></span> <span class='ocrx_word' id='word_1_433' title='bbox 737 4883 879 4940; x_wconf 86' lang='lat' dir='ltr'><strong>revocata</strong></span> <span class='ocrx_word' id='word_1_434' title='bbox 908 4895 974 4940; x_wconf 87' lang='lat' dir='ltr'><strong>essa</strong></span> <span class='ocrx_word' id='word_1_435' title='bbox 1003 4877 1090 4940; x_wconf 87' lang='lat' dir='ltr'><strong>ducet</strong></span> <span class='ocrx_word' id='word_1_436' title='bbox 1117 4877 1200 4940; x_wconf 89' lang='lat' dir='ltr'><strong>loeus</strong></span> <span class='ocrx_word' id='word_1_437' title='bbox 1229 4877 1354 4942; x_wconf 70' lang='lat' dir='ltr'><strong>‚loannis</strong></span> <span class='ocrx_word' id='word_1_438' title='bbox 1380 4878 1508 4940; x_wconf 89' lang='lat' dir='ltr'><strong>Dineoui</strong></span> <span class='ocrx_word' id='word_1_439' title='bbox 1533 4881 1563 4940; x_wconf 86' lang='lat' dir='ltr'><strong>in</strong></span> <span class='ocrx_word' id='word_1_440' title='bbox 1583 4877 1644 4939; x_wconf 86' lang='lat' dir='ltr'><strong>Vit.</strong></span> <span class='ocrx_word' id='word_1_441' title='bbox 1675 4878 1798 4958; x_wconf 86' lang='lat' dir='ltr'><strong>Gregor.</strong></span> <span class='ocrx_word' id='word_1_442' title='bbox 1820 4879 1865 4960; x_wconf 90' lang='lat' dir='ltr'><strong>li,</strong></span> <span class='ocrx_word' id='word_1_443' title='bbox 1888 4881 1946 4942; x_wconf 79' lang='grc'><strong>181</strong></span> <span class='ocrx_word' id='word_1_444' title='bbox 1976 4877 2082 4958; x_wconf 79' lang='lat' dir='ltr'><strong>,runa</strong></span> 
     </span>
     <span class='ocr_line' id='line_1_38' title="bbox 467 4987 2083 5073; baseline 0.004 -27"><span class='ocrx_word' id='word_1_445' title='bbox 467 5002 565 5049; x_wconf 88' lang='lat' dir='ltr'><strong>rerum</strong></span> <span class='ocrx_word' id='word_1_446' title='bbox 597 4991 743 5069; x_wconf 88' lang='lat' dir='ltr'><strong>sapientis</strong></span> <span class='ocrx_word' id='word_1_447' title='bbox 778 4990 835 5054; x_wconf 88' lang='lat' dir='ltr'><strong>albi</strong></span> <span class='ocrx_word' id='word_1_448' title='bbox 867 4987 1009 5070; x_wconf 89' lang='lat' dir='ltr'><strong>tempium</strong></span> <span class='ocrx_word' id='word_1_449' title='bbox 1041 4989 1193 5052; x_wconf 82' lang='lat' dir='ltr'><strong>visibiliter</strong></span> <span class='ocrx_word' id='word_1_450' title='bbox 1227 4990 1446 5071; x_wconf 82' lang='lat' dir='ltr'><strong>qusodummodo</strong></span> <span class='ocrx_word' id='word_1_451' title='bbox 1481 4990 1655 5073; x_wconf 78' lang='lat' dir='ltr'><strong>fabricarat,</strong></span> <span class='ocrx_word' id='word_1_452' title='bbox 1691 4999 1721 5053; x_wconf 90' lang='lat' dir='ltr'><strong>et</strong></span> <span class='ocrx_word' id='word_1_453' title='bbox 1754 4990 2083 5073; x_wconf 85' lang='lat' dir='ltr'><strong>septemplicibus</strong></span> 
     </span>
    </p>
   </div>
   <div class='ocr_carea' id='block_1_7' title="bbox 0 0 2201 6052">
    <p class='ocr_par' dir='ltr' id='par_1_11' title="bbox 0 0 2201 6052">
     <span class='ocr_line' id='line_1_39' title="bbox 0 0 2201 6052; baseline 0 0"><span class='ocrx_word' id='word_1_454' title='bbox 0 0 2201 6052; x_wconf 95' lang='lat' dir='ltr'><strong> </strong></span> 
     </span>
    </p>
   </div>
  </div>
 </body>
</html>
