4390 6060
1268 714 1319 789 28

493 924 577 1000 isque
606 929 674 1000 post
704 939 770 982 ann.
801 921 862 981 ’196
893 938 912 980 1
939 917 1054 981 Palatio
1083 923 1161 999 ragis
1190 922 1346 982 secessisse
1375 919 1488 981 videtur
1514 921 1552 982 ad
1579 920 1763 984 Turonenses
1792 923 1823 982 in
1848 921 1948 984 Sancti
1969 905 2090 988 llariini

493 1037 711 1096 monasterium.

582 1142 635 1227 43)
660 1145 743 1210 Coni.
765 1145 854 1207 modo
875 1143 1002 1206 Froben.
1024 1147 1055 1204 in
1076 1143 1270 1206 commentat.
1293 1143 1330 1205 de
1351 1143 1466 1205 hicutni
1486 1143 1542 1205 l'it
1566 1147 1594 1218 §.
1618 1146 1669 1207 93.
1711 1146 1896 1208 Mettensi
1916 1151 1947 1210 in
1968 1151 2087 1212 civitate

493 1257 626 1320 scholam
637 1259 727 1320 111111
736 1258 900 1319 Palatinam
922 1273 1015 1334 nuper
1036 1255 1184 1318 contendit
1193 1255 1294 1334 Varia,
1310 1254 2085 1340 111111111111111111(111111111111111188.

581 1365 634 1452 44)
656 1371 748 1449 11ρί11.
773 1372 790 1430 5
814 1370 864 1431 ubi
885 1367 960 1429 baec
980 1368 1133 1447 leguntur:
1165 1371 1215 1446 ,in
1236 1367 1293 1428 hac
1314 1386 1401 1446 preca
1421 1371 1452 1428 in
1480 1377 1636 1448 conspectu
1662 1371 1792 1432 altissimi
1812 1374 1929 1432 intimas
1951 1371 2087 1434 desiderii

492 1487 550 1544 mel
570 1483 719 1562 lacrymas
738 1501 792 1563 per
810 1483 878 1544 loca
899 1479 1073 1543 Sanctorum
1094 1479 1258 1559 Martyrum
1279 1480 1328 1540 vei
1350 1480 1553 1542 Confessomm
1574 1481 1690 1562 Christi,
1712 1501 1770 1562 qno
1792 1501 1840 1544 me
1859 1487 1934 1546 iter
1954 1487 2087 1545 insta·

495 1596 671 1658 bilitatts
694 1597 818 1674 deducit,
840 1594 960 1656 tundere
981 1611 1041 1656 non
1063 1592 1177 1654 cesso.l
1484 1667 1487 1672 1

580 1703 634 1791 45)
658 1709 741 1769 Conl.
755 1707 874 1786 Laden,
895 1705 1034 1768 deutsche
1049 1703 1215 1766 Gaschicht.
1226 1704 1264 1765 V.
1279 1723 1309 1783 p.
1326 1705 1398 1766 105.
1412 1706 1483 1766 568.
1514 1705 1648 1784 Lorents,
1671 1706 1791 1767 hlculns
1805 1705 1907 1768 Leben
1920 1725 1952 1786 p.
1970 1708 2086 1788 169sq.

494 1821 578 1901 cnjus
600 1823 727 1882 rationes
749 1823 919 1898 impugnare
940 1817 1051 1879 studuit
1072 1816 1192 1880 Oebehe
1212 1815 1233 1878 i.
1255 1817 1274 1878 i
1296 1835 1326 1896 p.
1349 1819 1465 1878 3-14.

582 1928 635 2015 46)
659 1932 741 1994 (loni
765 1931 878 1993 Alcuin.
911 1930 959 1990 De
986 1933 1179 2008 gammntica
1207 1928 1285 2008 Opp.
1307 1929 1342 1990 Τ.
1364 1929 1402 1989 Π.
1422 1946 1453 2007 p.
1476 1929 1536 1988 165
1547 1947 1592 2009 sq.
1636 1929 1723 1993 Ilunc
1748 1949 1818 1992 uero
1840 1930 1971 1992 libehnm
1992 1948 2087 2009 aequo

493 2063 531 2106 ac
552 2044 679 2122 reliquos
701 2043 787 2122 hujus
809 2045 972 2120 argumenti
992 2041 1106 2103 libellos
1129 2046 1159 2103 in
1180 2041 1298 2104 scholae
1328 2060 1413 2102 usum
1442 2045 1618 2119 conscriptos
1648 2060 1713 2104 esse
1741 2051 1829 2121 atqua
1855 2047 1947 2122 ipsius
1968 2047 2111 2126 instita·-

493 2158 580 2218 tionis
602 2156 723 2218 modum
744 2174 779 2218 ae
800 2159 941 2217 rationem
963 2154 1112 2216 declarare
1134 2157 1206 2216 satis
1228 2162 1338 2216 certum
1360 2162 1420 2215 est:
1450 2155 1485 2215 ci
1507 2172 1581 2232 qnae
1604 2155 1661 2216 diri
1683 2158 1728 2217 in:
1759 2155 1924 2217 Gcscbicht
1947 2156 1976 2218 d.
1997 2156 2087 2218 Iliim.

494 2268 553 2330 Lit.
576 2271 617 2330 im
637 2268 789 2347 Karaling.
811 2267 925 2328 Zeitait.
946 2268 974 2340 §a
998 2267 1134 2346 idbsqq.

581 2375 635 2462 47)
658 2381 740 2443 Conl.
762 2382 945 2459 potissimum
966 2379 1100 2459 Magistri
1122 2379 1213 2441 verba
1234 2381 1264 2440 in
1284 2378 1341 2441 hoc
1364 2377 1479 2457 dialogo
1501 2375 1548 2460 (11.
1571 2397 1601 2458 p.
1622 2381 1684 2440 168
1707 2374 1813 2462 Opp.)=
1836 2398 1910 2461 ,per
1930 2381 1986 2443 hos
2009 2385 2088 2443 enirn

494 2492 619 2573 [gradus
641 2500 754 2572 septem
767 2485 801 2552 s.
825 2484 1001 2572 disciplinas]
1031 2491 1195 2570 philosophi
1224 2510 1279 2552 sua
1307 2495 1502 2552 contriverunt
1529 2494 1588 2553 otia
1617 2499 1705 2570 nique
1733 2494 1866 2571 negotia:
1896 2495 1931 2554 iis
1958 2512 2087 2574 namque

494 2606 663 2668 consulibus
686 2606 820 2667 clariores
843 2605 944 2682 eiiccti,
966 2607 1001 2665 iis
1023 2603 1142 2683 regibus
1164 2603 1354 2684 celebriores,
1383 2605 1419 2664 iis
1447 2602 1580 2665 videlicet
1605 2611 1724 2665 aeterna
1744 2607 1885 2666 memoria
1904 2604 2087 2668 landabiless

493 2721 530 2778 iis
552 2736 669 2797 quoqne
690 2721 783 2779 sancti
804 2725 834 2779 et
855 2716 988 2778 catholici
1010 2724 1128 2778 nostrae
1150 2717 1216 2778 fidei
1245 2717 1379 2778 doctores
1408 2723 1438 2778 et
1459 2716 1623 2778 defensores
1653 2717 1786 2778 omnibus
1815 2717 2027 2780 haeresiarchis
2056 2720 2088 2782 in

494 2831 728 2892 contentionibus
749 2831 873 2910 publicis
895 2849 1012 2909 semper
1033 2832 1197 2909 superiores
1220 2831 1397 2890 exstiterunt
1441 2829 1571 2890 Perias
1592 2847 1679 2904 vcro,
1709 2829 1759 2890 filil
1781 2832 1937 2909 carissimi,
1966 2832 2088 2892 scuritas

493 2951 594 3004 restra
616 2943 742 3021 qnotidie
765 2949 860 3004 currat
881 2942 1087 3022 adolescentia,
1110 2943 1203 3004 donec
1223 2943 1378 3021 perfectior
1398 2948 1479 3003 actas
1502 2948 1531 3002 et
1550 2945 1665 3002 animus
1686 2960 1774 3003 sensu
1794 2942 1940 3004 robustior
1961 2942 2000 3003 ad
2022 2942 2088 3004 cul·

392 3039 394 3044 ¹
493 3056 574 3117 mina
596 3062 762 3117 sanctarum
782 3057 989 3134 scripturarum
1009 3059 1176 3135 perveniat:
1206 3062 1348 3134 quatenns
1370 3053 1437 3116 bine
1457 3053 1524 3115 inde
1544 3057 1648 3115 armati
1669 3072 1757 3116 verae
1779 3054 1847 3116 iidci
1868 3055 2036 3117 defensores
2058 3062 2089 3117 et

493 3169 625 3229 veritatis
656 3168 819 3230 adsertores
847 3169 1019 3230 omnimodis
1042 3167 1222 3230 invincibiles
1246 3165 1442 3229 cilicinmini“.
1484 3167 1554 3229 Inde
1575 3144 1607 3228 in
1634 3166 1781 3246 encyclica
1802 3185 1868 3226 ann.
1892 3169 1954 3227 ’181
1979 3165 2088 3250 (Perta.

492 3277 626 3341 bionum.
650 3280 749 3342 Germ.
771 3280 824 3341 Ill.
847 3299 872 3341 s.
893 3280 987 3360 Legg.
1002 3281 1027 3342 1.
1049 3300 1078 3360 p.
1096 3275 1159 3362 ab.)
1181 3280 1303 3342 Carolus
1326 3280 1445 3342 clericos
1466 3297 1520 3341 sno
1541 3281 1629 3341 ctiam
1650 3278 1782 3358 exemplo
1805 3279 1863 3356 ,ad
1884 3280 2089 3359 pernoscenda

492 3392 591 3454 studia
612 3392 775 3455 libcrnlinm
797 3393 921 3456 urtinm‘
942 3396 1055 3456 inritat.

580 3501 634 3588 48)
656 3506 704 3568 De
724 3505 770 3567 his
792 3506 876 3585 plura
897 3507 1144 3586 Pseudoturpinus
1167 3506 1204 3567 de
1224 3506 1283 3566 l'it.
1306 3505 1402 3566 caroli
1422 3504 1523 3583 Magni
1544 3521 1606 3583 cap.
1631 3506 1687 3565 31:
1717 3524 1794 3584 quae
1822 3505 1925 3567 eadam
1950 3505 2087 3567 versibus
2105 3554 2109 3562 .

494 3622 638 3698 expressit
658 3617 800 3680 Karololli
821 3627 930 3700 auctor,
953 3637 1040 3698 quern
1061 3637 1154 3697 nuper
1175 3621 1252 3696 typis
1273 3619 1463 3697 repetendum
1485 3621 1595 3678 curarit
1615 3616 1762 3678 bierzdori
1782 3613 1964 3700 (Oldcnburg
1989 3612 2085 3698 1851)

495 3731 634 3809 ep.X1L
656 3749 686 3810 p.
710 3730 753 3791 id
763 3747 807 3809 sq.

581 3837 635 3922 49)
658 3841 695 3903 In
716 3845 859 3923 carmine,
888 3843 966 3922 qnod
992 3844 1157 3907 inscribitur
1178 3843 1320 3922 ,Carolus
1342 3843 1470 3922 Magnus
1499 3849 1528 3904 et
1547 3842 1608 3904 Leo
1630 3842 1733 3923 Papa“
1756 3845 1819 3904 sive
1839 3842 2004 3923 Angilberti
2023 3847 2088 3907 sire

493 3954 660 4034 Helperici,
690 3961 723 4015 ut
750 3974 827 4016 nunc
855 3955 971 4036 rolant,
1000 3960 1122 4018 summis
1151 3956 1285 4018 laudibus
1315 3957 1431 4018 11111111
1458 3954 1575 4016 Carolus
1605 3955 1643 4016 ob
1666 3963 1778 4034 septem
1799 3954 1960 4017 hbernlinm
1981 3958 2090 4020 artium

494 4071 663 4148 scientiam,
693 4087 737 4129 vs.
768 4069 893 4129 tit-tt
917 4086 953 4130 ex
979 4069 1025 4130 ed.
1053 4069 1142 4131 Orell.
1171 4065 1212 4150 (p.
1236 4069 1291 4148 253
1324 4069 1481 4130 Duchesne
1501 4065 1614 4146 Scriptt
1640 4067 1679 4133 II.
1700 4087 1729 4147 p.
1758 4071 1836 4149 ¹⁸93
1868 4068 2006 4147 Bonquct
2026 4069 2089 4132 Re-

495 4179 570 4242 cueil
591 4178 646 4239 111
668 4198 698 4259 p.
722 4180 784 4241 388
796 4174 882 4260 squ).
925 4183 1075 4243 Pertincnt
1095 4181 1153 4242 hue
1176 4200 1292 4260 qnoque
1313 4182 1531 4261 Epigrammata
1550 4182 1580 4240 in
1601 4179 1656 4241 bas
1678 4189 1754 4243 artas
1776 4183 1853 4243 lacta
1873 4202 1893 4243 a
1914 4183 1978 4244 uiro
2000 4182 2088 4244 docto
2150 4219 2151 4223 =

496 4291 630 4368 ejusdem
658 4293 718 4354 lere
741 4295 859 4370 aetatis,
889 4311 981 4373 nuper
1007 4293 1157 4374 publicata
1186 4293 1224 4354 ab
1252 4293 1357 4373 hugei
1384 4292 1453 4353 bini.
1482 4295 1512 4352 in
1540 4292 1676 4356 Classico.
1702 4293 1799 4356 Aucti.
1822 4294 1972 4357 eVsticc.
2002 4294 2088 4357 codd.

495 4402 530 4464 Τ.
553 4402 591 4464 V.
613 4423 644 4483 p.
668 4406 731 4466 410
743 4423 806 4484 sqq.
849 4407 895 4467 he
915 4405 999 4485 prius
1016 4407 1077 4487 jam
1099 4406 1283 4486 Theoduiphi
1312 4407 1442 4468 carmina
1466 4408 1497 4467 in
1524 4405 1641 4467 easdem
1669 4413 1745 4468 artos
1772 4409 1886 4486 pictura
1913 4424 2089 4487 repraesen-

494 4522 572 4578 tatas
596 4513 660 4599 (IV,
684 4512 716 4597 1)
746 4535 805 4578 nna
834 4537 900 4579 curn
928 4519 990 4580 aliis
1017 4519 1149 4597 ejusdcm
1178 4523 1340 4598 argumenti
1369 4518 1543 4581 carminibus
1571 4518 1611 4579 ad
1637 4521 1764 4597 priorem
1795 4519 1870 4580 adeo
1898 4525 2028 4582 aetatem
2055 4526 2090 4582 nt

493 4635 600 4707 putant
627 4629 838 4707 pertinentibus
867 4647 884 4692 e
914 4631 977 4693 cod.
1005 4631 1101 4695 Vatic.
1131 4631 1261 4694 exhibuit
1294 4619 1439 4693 Sirmon'd.
1469 4629 1544 4710 Opp.
1572 4631 1607 4706 Τ.
1635 4631 1673 4691 11.
1698 4649 1729 4712 p.
1758 4632 1840 4693 1018
1871 4635 1935 4694 aire
1963 4649 1993 4710 p.
2023 4632 2087 4694 81³

494 4740 541 4803 ed.
569 4741 674 4805 Venet.

583 4850 637 4938 50)
658 4856 694 4917 In
716 4855 832 4918 hicuini
854 4859 979 4919 carmine
1001 4860 1064 4920 118
1088 4854 1135 4940 (Τ.
1156 4859 1195 4919 II.
1216 4876 1246 4936 p.
1270 4860 1332 4919 118
1356 4851 1460 4936 Opp.),
1483 4874 1540 4936 quo
1560 4854 1708 4918 literarum
1729 4856 1826 4919 studia
1847 4858 1877 4918 in
1898 4855 1996 4918 Caroli
2017 4855 2089 4919 aula

495 4968 613 5027 tractari
634 4969 720 5031 solita
742 4968 934 5051 celebrantur,
954 4969 1029 5033 baec
1049 4969 1185 5051 leguntur
1206 4987 1299 5032 rerss.
1324 4972 1458 5050 1111111
1518 5037 1521 5044 Ι
