4524 6054
950 1001 999 1078 13

164 1218 299 1292 nomine
315 1213 505 1308 iudicatur:
542 1211 773 1308 Angilbcrtus,
800 1213 855 1306 qui
880 1209 1038 1284 bertham
1065 1209 1177 1284 Caroli
1202 1207 1301 1284 ibam
1326 1211 1361 1285 in
1390 1213 1634 1288 matrimonium
1663 1211 1780 1290 duxe-
1839 1219 1842 1226 ’

163 1365 227 1448 rat,
252 1353 469 1428 Ilomerus
495 1348 726 1448 praedicatur,
753 1347 861 1444 Wigo
888 1348 1073 1445 appellatur
1100 1345 1552 1444 Candidus31iicullom,
1579 1352 1635 1448 qul
1661 1361 1779 1451 postea

163 1491 388 1587 Mogontiaci,
430 1485 656 1578 Ricbbodom‚
700 1489 756 1583 qui
797 1486 950 1560 Treviris
995 1488 1121 1560 exstitit
1162 1483 1466 1586 Arelriepiseopus‚
1512 1487 1653 1562 alterum
1687 1487 1780 1564 llu-

167 1637 364 1718 moetae,
400 1624 539 1698 alterum
564 1622 755 1699 blacarii
781 1627 915 1698 nomine
942 1622 1104 1697 Alcuinus
1132 1621 1301 1720 designat:
1328 1632 1362 1698 et
1388 1646 1474 1722 quae
1497 1634 1573 1700 sunt
1594 1626 1659 1700 aliu
1681 1624 1780 1721 bujus

162 1769 313 1862 generis,
339 1762 456 1862 quibus
482 1766 595 1858 utique
621 1761 756 1836 liberius
783 1760 862 1834 illud
889 1761 1057 1834 literarum
1085 1759 1330 1834 tractandarum
1352 1760 1507 1856 studium,
1533 1761 1632 1860 idrpre
1648 1787 1780 1841 sumam

163 1927 239 1977 oum
265 1903 395 1977 honore
422 1904 631 1996 conjunctum
659 1899 798 1974 indicari
824 1899 1038 1973 arbitramur:
1073 1896 1338 1996 quandoquidem
1365 1900 1498 1997 quibis
1525 1901 1780 1998 cognominibus

163 2051 344 2133 ornantur,
379 2042 515 2116 summis
552 2039 609 2114 vel
635 2042 764 2137 imperii
790 2037 848 2112 vel
873 2037 1038 2111 ecclesiae
1064 2035 1258 2111 muneribus
1283 2036 1589 2137 perfungebantur,
1625 2036 1667 2112 ad
1693 2059 1780 2138 quae

162 2181 198 2253 in
224 2177 339 2253 sebola
374 2178 428 2250 illu
454 2177 602 2251 Palatina
637 2184 732 2250 erant
768 2178 900 2249 enotriti
934 2183 1032 2272 atque
1066 2177 1212 2252 instituti.
1250 2174 1482 2276 'Academiam
1517 2197 1616 2269 vero,
1648 2176 1781 2276 qualem

162 2314 328 2413 hodieque
364 2318 512 2411 cogitare
546 2315 715 2407 solemus,
750 2317 851 2389 certis
885 2312 1016 2410 legibus
1056 2314 1266 2387 constitutum
1302 2323 1403 2409 atque
1446 2310 1706 2388 administratam
1745 2317 1781 2391 in

164 2451 276 2526 Caroli
312 2455 403 2550 regis
435 2451 563 2526 Palatio
600 2454 655 2548 qui
689 2455 859 2526 exstitisse
893 2450 970 2525 inde
1005 2459 1193 2544 autumant,
1243 2454 1265 2525 li
1298 2461 1483 2551 temporum
1518 2451 1647 2528 illoram
1680 2461 1780 2553 atque

163 2590 348 2666 studiorum
375 2594 537 2664 rationem
563 2587 653 2663 baud
678 2593 759 2663 satis
786 2589 865 2663 mibi
891 2591 1088 2688 respexisse
1114 2588 1277 2665 videntur.
1317 2573 1326 2596 ’

267 2728 325 2802 Ad
359 2728 442 2802 baec
477 2728 585 2802 studia
611 2737 740 2828 septem
767 2731 885 2802 artium
911 2726 1095 2801 liberalium
1129 2731 1192 2802 rite
1225 2727 1396 2804 tractanda
1422 2730 1661 2826 Romanosque
1687 2730 1781 2806 sori-

161 2877 278 2966 ptores
287 2863 322 2911 ⁷¹³
358 2865 583 2966 perlegendos
614 2865 750 2941 scholae
782 2865 951 2938 Palatinae
988 2865 1167 2964 discipulos
1202 2865 1294 2940 libris
1328 2868 1405 2942 sive
1438 2864 1661 2941 voluminibus
1689 2868 1782 2942 scri-

162 3009 227 3104 ptis
264 3027 381 3080 carere
417 3028 485 3080 nou
518 3006 669 3104 potuisse
704 3013 965 3079 consentaneum
1001 3015 1070 3080 est:
1107 3026 1171 3078 nec
1197 3003 1372 3104 quidquam
1398 3003 1550 3104 irnpedit,
1579 3027 1644 3100 quo
1671 3006 1782 3080 miuus

148 3141 352 3237 credamus,
378 3141 570 3239 Alcuiaaur,
597 3169 617 3218 a
645 3166 711 3242 quo
738 3153 888 3243 ternpore
914 3143 957 3217 ad
985 3141 1096 3218 Caroli
1123 3143 1232 3217 aularrr
1258 3151 1460 3234 accesserat,
1487 3165 1622 3217 omnem
1649 3140 1784 3219 dedisse

164 3305 322 3381 operam,
358 3292 393 3355 ut
425 3280 500 3356 libri
527 3281 569 3354 ud
595 3285 830 3356 institutionem
857 3285 1037 3357 necessarii
1064 3285 1152 3356 oanni
1179 3279 1279 3356 modo
1306 3283 1488 3380 comparati
1515 3279 1689 3374 adessent;
1725 3282 1783 3378 qui

163 3423 252 3492 enim
271 3425 306 3492 ia
323 3420 494 3494 Britannia
511 3424 765 3496 instructissima
784 3443 863 3495 usus
882 3429 954 3494 erat
979 3418 1176 3494 bibliotheca
1201 3415 1453 3495 Ehoraceusim
1479 3427 1635 3494 velerum
1657 3427 1781 3495 aucto-

163 3580 238 3630 rum
275 3556 491 3632 classicorum
526 3583 634 3656 aeque
675 3583 716 3633 ac
751 3560 949 3657 scriptorum
985 3557 1244 3633 Christianorum
1278 3556 1438 3658 operibus
1472 3557 1711 3652 refertissima,
1738 3533 1781 3632 ¹is

165 3693 320 3792 prolecto
347 3698 380 3768 in
408 3695 519 3770 Caroli
546 3696 663 3792 liugai
690 3695 806 3770 schola
831 3696 980 3770 Palatina
1005 3699 1046 3772 iis
1072 3685 1164 3771 libris
1191 3719 1308 3771 carere
1333 3697 1458 3790 nolrdt,
1494 3699 1550 3793 qui
1576 3695 1617 3770 ad
1643 3694 1781 3774 scholae

164 3854 262 3904 usum
287 3835 506 3930 pertinerent:
534 3832 597 3908 tros
623 3838 733 3930 igitur,
760 3839 790 3909 si
815 3837 850 3908 iu
877 3833 982 3907 Gallia
1008 3838 1114 3933 parati
1139 3856 1208 3909 non
1234 3843 1359 3928 esseut,
1386 3857 1433 3908 ex
1458 3835 1629 3910 Britannia
1656 3833 1778 3911 aliisve

164 3969 248 4043 locis
284 3968 471 4045 alierendos
505 3981 539 4044 et
572 3969 810 4047 describendos
837 3969 1030 4046 curavit2²³‘
1063 3983 1220 4068 quantum
1246 3995 1332 4048 vero
1359 3973 1503 4049 studium
1531 3969 1642 4047 Caroli
1670 3981 1781 4047 aetate

67 4165 69 4169 v
166 4109 301 4180 omnino
337 4107 437 4181 luerit
471 4110 505 4182 in
540 4107 701 4184 librorum
736 4120 803 4184 tam
835 4132 1008 4185 sacrorum
1036 4134 1134 4207 quam
1160 4112 1377 4210 profanorum
1402 4109 1625 4188 voluminibus
1651 4134 1780 4186 summu

166 4241 233 4315 lide
260 4267 301 4316 ac
326 4245 490 4342 religione
515 4270 712 4345 summoque
738 4246 824 4322 adeo
851 4247 1030 4347 splendore
1056 4273 1096 4322 ac
1121 4252 1229 4324 nitore
1255 4245 1539 4346 describendis,⁷⁴’
1572 4259 1620 4325 tot
1646 4237 1789 4325 codices

165 4385 361 4479 superstites
387 4381 494 4457 adhue
519 4393 706 4459 monstrant
731 4389 835 4460 variis
861 4385 944 4460 locis
969 4391 1126 4486 repositi:
1152 4385 1240 4462 unde
1267 4391 1322 4484 qui
1349 4398 1465 4463 nostra
1492 4398 1601 4463 aetate
1625 4397 1781 4465 veterum

164 4521 363 4617 scriptorum
389 4520 495 4596 verbu
521 4521 564 4595 ad
591 4526 890 4620 antiquissimorum
915 4523 1075 4600 librorum
1100 4529 1421 4626 manuscriptorum
1447 4525 1545 4602 iidem
1571 4529 1714 4624 exigere
1739 4549 1782 4602 ue

165 4659 342 4731 restituere
369 4671 551 4753 conantur,
586 4684 647 4736 cos
674 4659 716 4734 ad
743 4660 877 4737 codices
904 4662 1018 4739 Caroli
1044 4675 1153 4739 aetate
1179 4667 1386 4765 conscriptos
1413 4669 1532 4740 merito
1558 4653 1695 4763 regredi
1719 4645 1781 4740 ui-

166 4793 292 4880 demus,
321 4803 476 4891 taaquam
501 4797 748 4896 limpidissimos
773 4798 905 4896 ideque
931 4799 1143 4897 dignissimos
1169 4801 1290 4878 fontes.
1344 4803 1383 4877 ln
1410 4803 1523 4880 Caroli
1549 4806 1650 4899 igitur
1674 4799 1780 4875 Pulu-

166 4931 213 5005 tid
249 4931 293 5005 ad
326 4931 461 5006 scholae
493 4933 663 5010 Palatinae
695 4961 790 5014 usum
822 4936 982 5013 librorurn
1027 4939 1069 5014 ad
1111 4941 1345 5016 institutionem
1379 4944 1646 5016 necessariorum
1679 4947 1780 5036 atque

167 5068 293 5143 utilium
313 5068 484 5143 volumina
505 5083 640 5169 praesto
657 5075 760 5150 luisse
782 5084 932 5170 nonest,
954 5075 1043 5173 qaod
1071 5075 1268 5173 dubitemus,
1295 5076 1408 5155 Caroli
1435 5082 1536 5178 ipsius
1553 5080 1628 5155 sive
1645 5074 1782 5152 Meuini

166 5229 248 5281 curu
275 5217 464 5308 comparatu
490 5231 531 5283 ne
559 5208 740 5312 descripta,
775 5213 958 5312 eademque
984 5219 1104 5312 etium,
1138 5239 1213 5291 cum
1245 5197 1336 5292 tanto
1372 5237 1512 5293 munero
1548 5237 1618 5293 non
1652 5221 1782 5312 essent,
