4390 6060
1197 1005 1246 1080 12

367 1237 372 1245 ·
410 1217 551 1291 borasse
578 1223 719 1289 constat.
780 1212 895 1311 Itaque
921 1211 964 1285 de
988 1211 1052 1286 hac
1077 1223 1217 1309 utraque
1243 1223 1315 1287 arte
1341 1233 1448 1309 aequo
1475 1236 1516 1285 ac
1538 1211 1580 1286 de
1605 1216 1790 1308 geometria
1817 1237 1857 1286 ac
1882 1216 2027 1307 musica,¹

412 1353 455 1428 ad
490 1376 589 1450 quam
623 1360 807 1424 metrorum
843 1371 974 1446 quoque
1006 1355 1149 1448 pertinet
1173 1352 1279 1443 nautio,
1313 1350 1354 1423 dc
1381 1374 1445 1448 qua
1472 1371 1511 1424 sc
1537 1352 1734 1448 scriptorum
1760 1371 1837 1424 esse
1862 1355 2021 1448 promittit

410 1487 629 1583 AlcuinuS,⁶⁴³
656 1490 797 1564 similem
822 1489 858 1560 in
882 1486 1015 1560 modum
1040 1487 1217 1561 Alcuinum
1244 1496 1404 1562 tractasse
1429 1487 1568 1583 singulis
1593 1485 1725 1580 libellis,
1752 1486 1868 1586 qulbus
1889 1491 2021 1586 prima-

408 1632 460 1703 ria
485 1637 666 1728 praecepta
692 1626 829 1704 scholae
855 1627 888 1698 in
914 1648 1009 1698 usum
1035 1628 1188 1724 exposita
1215 1627 1473 1717 continerentur,
1501 1624 1586 1699 adeo
1612 1624 1648 1698 lit
1672 1623 1854 1723 probabile,
1879 1635 1915 1700 ut
1940 1649 2021 1701 om·

410 1790 488 1841 nem
513 1777 644 1866 septem
677 1768 796 1839 artium
829 1761 1012 1836 liberalium
1046 1761 1162 1837 orbem
1196 1763 1329 1836 totidem
1360 1763 1478 1837 libellis
1504 1766 1579 1838 sive
1604 1762 1781 1839 breviariis
1807 1763 1849 1837 ab
1874 1763 2020 1840 Alcuino

410 1905 579 2004 expletum
607 1905 713 1978 luisse
740 1896 987 1975 existimandi
1021 1899 1084 1975 sed
1115 1904 1283 2000 perierunt
1307 1900 1382 1975 libri
1407 1900 1472 1975 lruc
1497 1909 1684 1999 spectantes
1710 1910 1766 1974 aut
1791 1899 1936 1977 nondum
1961 1903 2021 1976 in-

410 2045 504 2118 venti
531 2051 620 2136 sunt,
647 2045 676 2118 si
704 2065 769 2140 quo
796 2041 831 2112 in
855 2038 932 2111 loco
958 2036 1092 2112 lateant
1658 2023 1664 2034 ’

516 2178 626 2270 Quam
650 2203 737 2286 vero
765 2183 928 2256 rationem
954 2181 1028 2254 sive
1055 2176 1242 2252 methodum
1268 2179 1303 2251 in
1328 2176 1379 2252 bis
1406 2176 1564 2252 docendis
1585 2179 1691 2252 sconti
1708 2179 1784 2268 sint,
1810 2179 1839 2250 si
1858 2196 2020 2271 quaeras:

360 2309 364 2314 ’
410 2323 474 2420 ipsi
499 2319 603 2394 libelli
629 2320 671 2394 ab
697 2320 842 2394 Alcuino
869 2321 1063 2417 conscripti,
1099 2341 1182 2414 quos
1217 2320 1493 2404 memoravimuS,
1526 2314 1613 2388 hano
1642 2314 1739 2388 nobis
1772 2312 2018 2388 demonstrant:

411 2455 579 2553 dialogum
605 2459 801 2556 plerumque
826 2457 1002 2556 praebent,
1027 2459 1114 2529 inter
1139 2458 1331 2550 magistrum
1358 2464 1392 2528 et
1418 2453 1592 2552 discipulos
1618 2452 1765 2526 habitum
1791 2450 2021 2525 Socraticam·-

411 2617 477 2693 quc
504 2617 580 2670 eam
607 2594 770 2669 exhibent
795 2579 976 2686 rationem,
1007 2617 1094 2689 cquae
1127 2591 1317 2690 quaerendo
1345 2602 1379 2666 et
1404 2591 1638 2691 respondendo
1666 2592 1851 2663 continetur
1876 2598 1910 2662 ct
1935 2593 2018 2664 viva

411 2756 500 2809 voco
527 2733 660 2829 singula
686 2743 863 2831 praecepto
890 2755 931 2807 ao
955 2731 1091 2827 regulas
1119 2753 1317 2827 omnemque
1342 2729 1421 2804 indo
1443 2735 1521 2804 artis
1539 2729 1693 2803 ambitum
1711 2726 1870 2826 discipulo
1887 2726 2020 2801 tradere

409 2867 540 2963 studet,
576 2874 632 2966 qui
666 2869 733 2945 boo
766 2871 865 2945 modo
902 2872 1010 2945 omnia
1044 2871 1107 2942 rite
1143 2869 1245 2944 discat
1279 2870 1496 2968 omnibusque
1527 2868 1614 2944 bene
1640 2869 1807 2966 perceptis
1834 2865 1877 2940 ad
1903 2866 2020 2941 altiora

410 3011 553 3084 transire
580 3007 689 3104 queat.
742 3007 816 3082 Ilac
839 3030 925 3084 vero
950 3005 1113 3082 bonarum
1139 3011 1255 3081 artium
1281 3006 1524 3082 tmctandarum
1558 3009 1687 3080 ratione
1713 3005 1819 3080 libera
1845 3007 2021 3104 minusque

410 3143 566 3220 adstricta
592 3143 626 3219 id
653 3169 787 3244 quoque
814 3147 965 3221 ellectum
990 3156 1154 3245 putamus,
1180 3157 1215 3221 ut
1240 3149 1313 3245 ipso
1339 3169 1404 3220 rex
1429 3146 1479 3219 bis
1505 3168 1582 3220 seso
1612 3145 1706 3219 daret
1728 3144 1854 3238 studiis,
1882 3167 2022 3241 quorum

410 3307 527 3358 annone
549 3285 621 3380 jam
648 3294 745 3358 antea
772 3293 886 3382 captus
913 3295 996 3378 erat,
1021 3296 1057 3360 ut
1082 3309 1158 3359 eum
1183 3284 1326 3360 Alcuino
1355 3285 1397 3358 de
1423 3283 1523 3358 rebus
1550 3283 1591 3357 ad
1613 3283 1782 3357 literarum
1804 3283 1911 3359 studia
1934 3305 2021 3382 per·

409 3422 590 3497 durantibus
624 3431 781 3497 tractaret
817 3432 850 3496 et
885 3425 1095 3520 quaestiones
1129 3422 1193 3496 lruc
1218 3433 1405 3523 spectantes
1432 3419 1634 3521 agitaretzffl
1673 3421 1779 3518 quid?
1815 3420 1902 3518 quod
1937 3420 2022 3496 tilios

410 3557 535 3636 suos⁶⁷l
573 3559 705 3634 tradidit
730 3560 873 3634 Alcnino
899 3560 1117 3636 instituendos
1143 3561 1193 3634 its
1221 3564 1299 3660 ipsis
1326 3561 1462 3654 studiis,
1499 3559 1616 3658 quibus
1641 3559 1700 3634 vel
1727 3555 1888 3652 sonor,“'
1923 3558 2022 3653 labae,

412 3701 588 3792 omnisque
616 3701 714 3793 regia
740 3698 857 3773 domus
884 3698 991 3773 dedita
1017 3709 1099 3774 erat
1152 3699 1264 3794 Atque
1298 3722 1344 3772 cx
1378 3699 1443 3773 hoc
1476 3699 1646 3772 literarum
1671 3701 1890 3791 commercio,
1924 3697 2022 3796 quale

410 3836 446 3907 in
480 3839 572 3932 regis
607 3835 735 3909 Palatio
763 3835 883 3929 lloruit,
909 3859 983 3911 eam
1008 3820 1304 3910 tanriltarimum⁶⁹t
1331 3836 1471 3912 lluxisso
1497 3839 1696 3930 existimem,
1722 3858 1769 3909 ex
1796 3860 1859 3934 qua
1881 3839 1936 3932 qui
1956 3835 2024 3911 lroo

412 3971 512 4046 modo
539 3972 646 4047 bonas
674 3983 764 4047 artes
792 3977 826 4048 in
852 3979 943 4071 rogis
971 3975 1044 4050 aula
1071 3975 1250 4071 scholaque
1275 3975 1425 4050 Palatina
1451 3976 1643 4069 coluerant,
1668 3973 1787 4049 iisdem
1813 3973 1927 4049 studiis
1953 3995 2023 4071 po-

410 4118 483 4186 stea
506 4112 607 4184 ctiam
631 4121 824 4184 tenerentur
849 4133 924 4187 eum
952 4115 986 4187 in
1013 4112 1156 4203 modum,
1183 4123 1218 4186 ut
1243 4117 1392 4188 uirorum
1419 4117 1616 4212 antiquitatis
1644 4113 1703 4187 vel
1724 4136 1843 4188 sacrae
1860 4112 1917 4186 vel
1934 4127 2023 4210 pno-

409 4245 510 4321 lanae
536 4251 758 4345 insigniorum
785 4254 983 4345 cognomina
1009 4248 1072 4327 sibi
1099 4253 1221 4348 imponi
1248 4255 1354 4349 iisque
1381 4275 1420 4327 so
1446 4253 1603 4351 appellari
1625 4253 1775 4326 sinerent
1796 4251 1838 4327 ab
1864 4250 2022 4346 Alcuino,

411 4387 466 4481 qui
494 4408 594 4480 quum
628 4385 824 4484 plerumque
857 4413 984 4464 summo
1017 4387 1231 4469 observantia
1264 4413 1305 4464 ac
1338 4391 1518 4466 devotione
1551 4411 1668 4486 regem
1704 4390 1841 4486 ejusque
1877 4388 2024 4482 domum,

409 4525 574 4618 regnique
601 4545 765 4620 proceros
792 4524 996 4624 alloquatur,
1029 4525 1115 4600 baec
1149 4530 1346 4622 cognomina
1381 4526 1602 4602 inhonorem
1629 4529 1723 4624 quasi
1748 4527 1849 4601 indita
1875 4549 1954 4602 csse
1980 4527 2023 4602 od

375 4715 377 4723 Α
409 4657 477 4734 lroo
512 4659 699 4736 studiorum
736 4667 971 4739 commercium
1006 4663 1241 4740 declarandum
1274 4663 1446 4763 significat.
1501 4666 1564 4757 Qui
1597 4670 1684 4739 enim
1719 4667 1791 4764 ipso
1815 4664 2023 4741 Flaccum

409 4819 449 4873 sc
476 4797 678 4897 appellat,⁷⁰‘
705 4803 734 4874 is
763 4799 968 4879 carolum
993 4827 1110 4900 regem
1127 4789 1306 4904 'alloquitur
1326 4802 1552 4896 Davidem,
1579 4806 1718 4900 ejusque
1740 4825 1893 4878 sororem
1917 4801 2042 4879 Gis·v

408 4931 492 5038 lam
518 4945 622 5011 uocat
647 4935 848 5033 luciam,
874 4945 968 5038 cnjus
994 4947 1132 5018 comites
1159 4941 1337 5018 lliehtruda
1361 4952 1394 5016 ct
1418 4939 1585 5016 Guntrada
1613 4940 1850 5017 Columbae
1872 4948 1906 5014 et
1928 4939 2023 5014 Eu·

363 5079 365 5084 ’
409 5070 549 5150 laliae
570 5098 695 5152 nornen
718 5077 885 5154 referunt:
912 5081 1097 5156 Einhardus
1119 5091 1259 5158 uocatur
1279 5079 1509 5172 Beselcel,
1534 5078 1737 5177 Frcdcgisus
1758 5077 2024 5174 Nathanael,

410 5207 622 5294 Adathardus
658 5215 849 5294 Antonii
883 5228 917 5292 et
948 5218 1214 5320 Augustini,
1247 5221 1350 5297 Wola
1386 5220 1490 5296 irater
1524 5218 1713 5296 Arsenii
1740 5227 1774 5294 et
1798 5217 2024 5294 Jeremioe
