4390 6060
1214 931 1241 1004 8

426 1156 489 1235 per
514 1143 695 1235 temporum
723 1134 899 1211 decursum
923 1137 1022 1212 vnlde
1046 1138 1138 1236 lapsa
1163 1135 1403 1237 propemodum
1434 1135 1649 1229 concidisset,
1683 1137 1791 1213 denuo
1824 1151 2019 1238 resurgeret

427 1295 568 1370 eumque
603 1275 769 1371 occiperet
802 1274 1033 1374 splendorem,
1068 1298 1114 1351 ex
1148 1299 1214 1374 quo
1248 1275 1370 1349 ceteris
1396 1272 1517 1350 scholis
1542 1276 1643 1372 longe
1670 1275 1902 1374 praefulgeret
1954 1278 2018 1368 Qui

427 1413 515 1482 enim
539 1432 601 1508 pro
627 1414 760 1507 antiquo
786 1411 991 1488 Francorum
1015 1435 1109 1489 more
1142 1416 1177 1488 in
1210 1412 1337 1488 Palatio
1374 1423 1468 1487 erunt
1498 1415 1572 1488 sive
1597 1416 1691 1512 pueri
1718 1416 1792 1490 sive
1817 1413 2018 1490 odolescen-

425 1543 522 1620 tes⁸³³
548 1545 705 1623 nobilium
731 1572 772 1622 uo
796 1572 973 1649 proeemm
1006 1555 1102 1649 regni
1136 1561 1169 1624 et
1203 1574 1267 1624 unu
1294 1573 1370 1623 curu
1395 1553 1484 1644 regis
1510 1553 1611 1649 ipsius
1637 1551 1710 1623 filiis
1736 1551 2018 1627 conversabantur

425 1694 524 1782 utque
550 1687 810 1781 enutriebuntur,
836 1711 898 1764 eos
922 1712 990 1763 non
1015 1698 1138 1764 lautum
1162 1710 1331 1762 armorum
1356 1687 1599 1762 tmctundornm
1624 1690 1750 1787 peritis,
1776 1711 1892 1763 verum
1919 1693 2017 1764 etium

423 1817 590 1897 bonumm
615 1829 732 1900 ortium
758 1827 874 1903 studiis
901 1827 1072 1902 excellere
1098 1826 1200 1900 voluit
1227 1848 1310 1919 rex,
1346 1833 1381 1898 nt
1416 1823 1492 1899 inde
1518 1828 1585 1925 upti
1610 1837 1724 1901 essent
1748 1825 1791 1900 ud
1816 1827 2015 1925 amplissime

424 1963 522 2057 regni
547 1985 685 2074 munero
710 1965 903 2062 peragenda
927 1963 1305 2060 udruiuistrutionemque
1331 1963 1532 2060 regendum:
1567 1961 1599 2037 id
1637 1962 1724 2063 quod
1758 1962 1799 2039 ub
1833 1963 2017 2040 bominibus

423 2100 582 2198 imperitis
615 2123 679 2176 neo
712 2103 780 2176 ullu
814 2102 982 2176 literurnm
1016 2102 1162 2178 doctriua
1197 2105 1304 2177 tinctis
1339 2100 1409 2176 lieri
1443 2124 1510 2175 nou
1544 2123 1644 2199 posse
1676 2100 1764 2175 bene
1798 2102 2016 2176 intellexerat.

425 2237 488 2328 Qui
524 2242 611 2313 enim
644 2239 832 2316 Romanum
865 2243 1036 2340 imperium
1070 2241 1296 2338 redintegrare
1330 2243 1425 2336 quusi
1458 2239 1597 2334 studuit,
1631 2243 1659 2314 is
1691 2240 1858 2314 Romanus
1884 2263 2016 2338 quoque

422 2377 536 2452 literas
562 2388 595 2451 et
621 2377 790 2453 doeumae
815 2379 921 2454 studio
947 2379 1097 2455 cumbis
1123 2381 1296 2474 conjunctu
1323 2401 1430 2475 neque
1456 2401 1620 2454 revocure
1644 2381 1679 2453 iu
1704 2382 1812 2453 unius
1833 2377 1955 2469 babuit,
1981 2381 2016 2455 in

424 2511 531 2589 Gallie
557 2516 694 2615 ullisque
720 2521 816 2614 regni
841 2517 984 2616 portibus
1010 2515 1084 2591 iere
1111 2520 1272 2591 exstineto
1298 2527 1332 2590 et
1358 2517 1522 2614 eollnpsu:
1549 2517 1659 2613 itaque
1678 2539 1752 2591 eum
1770 2519 1890 2610 virum,
1915 2539 2014 2613 quem

421 2651 540 2727 burum
572 2654 716 2753 ipsarum
749 2656 916 2730 literarum
948 2657 1177 2755 peritissimum
1216 2657 1426 2751 omniumque
1464 2653 1685 2730 doctissimum
1722 2676 1784 2752 pro
1817 2653 1872 2728 ille
1906 2663 2015 2728 netute

421 2788 628 2884 lerebent³⁰
654 2792 696 2866 ud
721 2816 760 2869 se
786 2796 922 2870 vocavit
947 2792 1158 2890 ejusdemque
1185 2813 1288 2890 opera
1312 2794 1514 2892 potissimum
1547 2814 1627 2867 usus
1651 2789 1757 2868 studio
1782 2791 1838 2865 illu
1862 2794 2014 2866 resusci-

422 2937 496 3004 tare
521 2932 704 3024 constituit,
741 2937 878 3028 quorum
903 2936 1081 3032 praecipue
1105 2929 1203 3008 sedes
1228 2932 1361 3029 inipso
1388 2939 1479 3006 esset
1502 2930 1646 3005 Pelntio:
1679 2927 1724 3004 ibi
1749 2931 1835 3003 enim
1860 2951 2015 3006 eommo-

413 3067 557 3144 rubatur
582 3069 762 3162 Alcuinus,
797 3073 831 3145 in
856 3073 1055 3146 monasteria
1079 3094 1139 3146 sua
1164 3069 1358 3169 plerumque
1383 3065 1563 3160 recedens,
1598 3065 1728 3164 quando
1762 3090 1826 3142 rex
1849 3069 1923 3166 ipse
1948 3067 2015 3142 are

418 3204 545 3282 sens⁸⁵l
570 3206 665 3283 bellis
690 3209 848 3307 gerendis
874 3210 992 3285 uliisve
1016 3231 1127 3283 rerum
1152 3205 1354 3306 publicorum
1389 3207 1477 3281 curis
1511 3204 1735 3280 distineretur:
1770 3207 1804 3279 in
1837 3209 1909 3306 ipso
1941 3206 2014 3281 Pu·

414 3343 499 3422 lutio
534 3370 647 3422 corum
680 3372 763 3445 rege
798 3350 935 3446 ejusque
969 3358 1037 3424 toto
1072 3346 1169 3422 domo
1202 3345 1430 3422 Romanorum
1463 3343 1630 3419 literarum
1660 3342 1767 3420 studio
1792 3343 2014 3420 uuelubuntnr

418 3487 581 3586 puerique
605 3485 736 3562 nobiles
761 3489 913 3582 ingenuis
938 3485 1062 3561 ortibus
1088 3487 1132 3559 itu
1157 3482 1418 3576 instituebantur,
1444 3493 1479 3559 ut
1503 3504 1594 3558 nove
1619 3481 1786 3556 litemmm
1809 3481 1869 3555 lux
1895 3504 1916 3555 e
1941 3482 2013 3557 Ριι-

416 3624 495 3699 latio
531 3625 690 3722 effulgere
725 3634 759 3697 et
792 3628 825 3699 iu
860 3635 989 3699 ceteras
1015 3625 1112 3719 regni
1136 3625 1325 3721 provincius
1352 3621 1498 3720 dispergi
1524 3616 1708 3696 videretur:
1741 3619 1887 3694 I’nlutiuu
1912 3623 2013 3716 igitur

416 3761 532 3840 sobolu
557 3762 691 3838 Alcuini
716 3765 920 3860 potissimum
947 3786 1050 3862 operu
1075 3765 1119 3836 ite
1144 3763 1297 3855 elllomit,
1322 3770 1358 3835 ut
1383 3757 1459 3833 inde
1483 3759 1705 3832 Ilomnnurum
1726 3755 1892 3832 litemrum
1912 3766 2012 3854 utque

417 3905 552 3978 omnino
577 3900 740 3977 bonorum
765 3904 882 3976 artium
906 3900 1013 3978 studia
1039 3911 1154 3974 renutu
1179 3911 1213 3975 et
1238 3902 1272 3974 in
1296 3909 1465 3998 posterum
1498 3907 1625 3995 tempus
1657 3894 1699 3970 ud
1731 3904 1877 3970 nostrum
1901 3915 2011 3992 usqne

417 4051 561 4115 aetutem
594 4039 713 4115 trudito
738 4043 857 4115 merito
882 4039 1077 4139 praedicare
1102 4040 1217 4131 licout;
1251 4036 1354 4136 qnid?
1380 4035 1487 4135 quod,
1513 4045 1548 4109 nt
1573 4033 1723 4109 moneebi
1749 4031 1818 4107 Son
1845 4029 2010 4105 Gulieusis

414 4177 523 4255 verbu
548 4177 712 4269 referum,
748 4177 881 4253 Alouini
910 4177 1057 4253 doctrina
1091 4180 1125 4250 in
1158 4184 1282 4250 tentum
1312 4173 1539 4265 fructificavit,
1574 4182 1609 4246 ut
1642 4169 1792 4246 moderni
1817 4167 1901 4244 Galli
1933 4170 2009 4243 sive

414 4317 537 4392 Frnnei
562 4319 702 4413 antiquis
727 4315 886 4392 Romanis
912 4317 970 4394 vol
995 4311 1253 4389 Atheniensibus
1279 4308 1552 4418 aequarentur*
1604 4310 1708 4401 Quom
1730 4305 1859 4381 laudem
1876 4307 2009 4380 nimium

414 4595 546 4689 studio,
576 4591 693 4692 quibus
721 4592 829 4668 odbuo
848 4595 1012 4690 juvenum
1038 4593 1138 4666 uuimi
1163 4590 1293 4667 aluntur
1319 4600 1354 4665 et
1379 4592 1581 4680 nutriuntur,
1616 4583 1797 4685 quibusque
1822 4579 1864 4656 ud
1891 4578 2008 4655 altiore

410 4736 622 4810 instituuntur
647 4741 681 4806 et
706 4743 963 4832 praepuroutnr,
996 4731 1051 4806 illu
1076 4739 1186 4806 aetate
1211 4732 1261 4805 sio
1287 4737 1446 4805 revocato
1470 4748 1569 4820 esse,
1602 4737 1638 4797 ιιι
1663 4719 1906 4796 fundumentum
1937 4738 2007 4790 ex-

411 4870 563 4949 hiberent
595 4891 663 4946 non
699 4871 772 4964 ejus
807 4881 929 4947 tuntum
961 4870 1151 4961 doetriuue,
1185 4889 1269 4967 quoe
1295 4867 1457 4965 proximis
1482 4861 1559 4938 iudo
1592 4859 1735 4936 saeculis
1768 4879 1830 4957 per
1863 4852 2006 4930 medinm

412 5034 533 5088 uerum
568 5009 726 5104 obtinuit,
760 5032 880 5086 verum
915 5009 1013 5084 etiem
1038 5009 1131 5103 ejus,
1162 5026 1247 5104 quus
1278 5002 1394 5080 seculo
1420 5002 1547 5078 decimo
1573 5000 1685 5098 quinto
1712 5004 1747 5074 ot
1771 5003 1869 5073 sexto
1895 4990 2006 5068 denuo

412 5148 531 5226 effulsit
554 5159 810 5248 renuturumque
834 5147 1001 5223 literurmu
1026 5147 1159 5222 nomine
1183 5143 1288 5240 vudgo
1314 5140 1510 5218 deelurutnr.
1538 5197 1541 5202 -
