4390 6060
1181 955 1207 1028 4

389 1167 523 1240 interire
548 1186 615 1238 non
640 1185 758 1262 passus
784 1173 855 1255 est,
880 1185 999 1236 verum
1026 1163 1126 1236 novis
1151 1163 1363 1235 incrementis
1390 1170 1424 1234 et
1449 1159 1650 1235 ornamentis
1675 1159 1818 1234 eandem
1845 1164 1938 1235 nuxit
1963 1172 1998 1238 et

391 1303 564 1402 ampliavit.
602 1300 707 1394 llnjus
732 1302 831 1395 igitur
856 1299 1029 1397 Principis,
1057 1321 1154 1394 quern
1181 1320 1292 1372 rerum
1317 1307 1506 1372 nostrarum
1531 1302 1787 1372 instauratorem
1810 1301 1866 1397 pin
1885 1309 1998 1374 mente

390 1440 547 1534 colimaus,
580 1441 772 1512 memoriam
807 1446 1048 1530 revocaturus,
1083 1434 1191 1508 dicam
1226 1434 1268 1507 dc
1302 1435 1470 1508 literarum
1496 1434 1612 1510 studiis
1638 1446 1714 1533 post
1739 1457 1796 1510 res
1824 1437 1997 1513 Romanas

389 1600 451 1676 per
477 1577 682 1652 occidentem
708 1597 849 1652 eversas
876 1579 1126 1672 insecutamquo
1151 1572 1339 1646 barbariem
1365 1575 1534 1648 revocatis
1560 1597 1581 1644 a
1608 1571 1731 1646 Carolo
1757 1572 1905 1668 lllagno,
1941 1578 1998 1671 qui

389 1715 511 1792 scholis
536 1715 697 1789 bonarum
724 1716 842 1787 artium
868 1715 1062 1786 restauratis
1088 1721 1120 1785 et
1146 1713 1250 1783 auctis
1277 1709 1337 1782 tras
1364 1714 1452 1807 ipsas
1479 1720 1569 1783 artes
1596 1732 1769 1804 servasse,
1795 1710 1839 1785 ad
1861 1735 1995 1790 omnem

389 1855 614 1952 posteritatem
647 1873 853 1951 propagasse
887 1851 1100 1943 omniumque
1134 1847 1218 1922 adeo
1259 1857 1393 1922 nostrae
1426 1851 1543 1922 aetatis
1576 1847 1748 1922 literarum
1782 1849 1996 1926 fundamenta
2055 1887 2058 1893 ¹

389 1993 565 2067 retinuisse
590 1988 753 2090 putandus
779 1997 839 2063 est

494 2131 567 2219 Qua
592 2131 627 2202 in
651 2151 691 2202 rc
716 2129 778 2202 vix
803 2147 945 2199 necesse
971 2127 1035 2198 erit
1059 2123 1208 2222 pluribus
1234 2145 1421 2222 exponere,
1448 2133 1601 2219 quantum
1625 2121 1811 2197 detrimenti
1832 2105 1996 2202 bonarum

390 2271 508 2342 artium
543 2266 649 2342 studia
682 2267 722 2339 iis
757 2264 899 2340 saeculis
933 2266 1000 2338 sint
1033 2257 1185 2361 passast)
1222 2261 1337 2356 quihus
1373 2265 1499 2359 imperii
1524 2263 1754 2339 Romanorum
1780 2260 1996 2340 occidentalis

265 2479 271 2490 ,
390 2409 493 2482 uariis
526 2407 561 2479 in
595 2407 694 2478 terris
725 2424 815 2477 nova
842 2402 1039 2474 exstiterunt
1065 2422 1169 2494 regna
1203 2396 1423 2474 barbarorum
1449 2400 1522 2474 iere
1547 2401 1765 2500 populorum,
1795 2425 1859 2476 nec
1884 2412 1996 2477 tamen

389 2547 435 2618 ita
460 2539 629 2636 rudium,⁴'
657 2544 734 2636 quin
755 2549 882 2612 mature
904 2541 986 2633 jam,
1014 2548 1135 2633 quanta
1160 2541 1193 2611 in
1218 2538 1322 2610 literis
1348 2540 1455 2636 posita
1480 2543 1524 2613 sit
1548 2545 1615 2632 vis,
1640 2539 1864 2636 intelligerent
1889 2551 1995 2638 seque

390 2680 432 2754 ala
457 2681 509 2756 his
535 2683 615 2779 ipsis
639 2679 743 2752 literis
769 2675 855 2750 lraud
880 2697 1020 2776 prorsus
1046 2675 1227 2749 abhorrere
1252 2697 1354 2772 posse
1379 2678 1628 2774 perspicerent,
1654 2681 1683 2751 si
1709 2700 1851 2776 regnum
1877 2701 1996 2752 armo-

388 2799 464 2893 rum
489 2821 526 2894 vi
549 2826 676 2916 partum
703 2819 788 2891 tueri
813 2815 948 2891 vellent.
999 2813 1155 2888 Accessit
1182 2812 1389 2886 Christianae
1415 2813 1586 2910 religionis
1611 2813 1687 2908 lux,
1713 2839 1775 2915 per
1800 2815 1861 2890 has
1888 2811 1996 2892 terras

390 2959 436 3030 ita
460 2965 664 3055 propagata,
698 2964 733 3027 ut
758 2952 941 3027 hominum
955 2955 1085 3027 animos
1112 2949 1153 3024 ad
1177 2951 1346 3025 literarum
1373 2951 1480 3028 studia
1508 2957 1670 3027 excitaret
1697 2975 1807 3052 coque
1835 2955 1995 3050 eliceret,

391 3103 427 3168 ut
450 3097 486 3168 in
512 3091 617 3167 Gallia
641 3094 859 3191 praesertim,
895 3113 980 3187 quae
1013 3101 1104 3164 terra
1134 3093 1203 3183 jam
1236 3089 1315 3163 olim
1349 3112 1432 3188 prae
1466 3094 1586 3165 ceteris
1617 3093 1748 3190 imperit
1781 3090 2004 3178 occidentalis,

389 3233 572 3331 provinciis
597 3230 757 3304 bonarum
792 3232 911 3304 artium
944 3229 1060 3304 studiis
1096 3252 1136 3301 ac
1159 3231 1338 3328 praecipue
1365 3228 1552 3327 eloquentia
1579 3229 1751 3305 excellcre
1775 3228 1962 3328 putabatur,
1970 3227 1995 3277 ⁵)

391 3367 561 3444 doctrinae
587 3367 694 3444 studia
718 3391 785 3443 non
811 3367 909 3467 plane
935 3370 1239 3463 exstinguerentur,
1265 3368 1326 3444 sed
1347 3378 1462 3466 postea
1484 3367 1569 3442 adeo
1588 3368 1676 3443 laeta
1698 3372 1905 3442 incrementa
1931 3392 1997 3444 ca-

389 3517 517 3606 perent,
544 3515 579 3580 ut
603 3505 810 3581 humanitatis
836 3505 941 3580 studia
967 3504 1046 3579 inde
1073 3515 1202 3584 serrata
1222 3515 1257 3578 et
1277 3509 1310 3580 in
1327 3506 1493 3605 posteram
1511 3517 1653 3581 aetatem
1675 3507 1834 3581 translata
1856 3506 1996 3582 dicenda

389 3648 463 3719 sint
502 3642 540 3717 ld
566 3666 652 3719 vcro
680 3644 790 3718 caroli
815 3643 928 3741 llagni
956 3666 1060 3743 opera
1082 3646 1287 3744 potissimum
1309 3643 1433 3718 lactum
1450 3667 1539 3738 esse,
1565 3648 1684 3742 negari
1701 3649 1824 3741 nequit.
1864 3645 1997 3720 Etenim

389 3782 451 3859 sul)
476 3781 751 3878 llerouingorum
777 3784 913 3881 imperio
940 3781 1124 3856 liberalium
1150 3785 1265 3856 artium
1291 3782 1398 3856 studia
1425 3805 1492 3856 non
1516 3805 1656 3881 prorsus
1679 3787 1907 3859 conticuerunt
1933 3805 1997 3857 re·

389 3941 519 4017 gesque
545 3923 607 4018 ipsi
633 3923 756 4018 passim
781 3901 915 3994 Lattrrae
942 3919 1098 4017 linguae,
1125 3923 1218 4014 cujus
1244 3919 1343 3994 valde
1369 3919 1505 3994 studiosi
1532 3932 1647 4013 erant,
1683 3944 1781 3995 usum
1806 3925 1841 3996 in
1866 3921 1996 4018 legalius

389 4057 558 4152 serendis,
592 4060 626 4130 in
648 4061 725 4152 jaro
751 4058 912 4153 dicundo,
939 4059 1012 4132 aliis
1039 4056 1083 4132 ad
1109 4058 1343 4158 rempublicam
1368 4057 1852 4158 pertinentibus)retinuerunt,
1877 4060 2020 4170 litera-¹

389 4219 529 4295 rumque
555 4192 682 4289 studia,
718 4207 870 4291 quantum
896 4200 930 4272 in
955 4199 1036 4296 ipsis
1064 4207 1155 4290 erat,
1190 4193 1402 4271 coluerunt.⁶‘
1459 4194 1557 4270 Unde
1583 4196 1710 4271 iactum
1736 4207 1810 4292 est,
1835 4207 1872 4272 ut
1897 4199 1997 4273 etiam

388 4332 546 4408 nobilium
572 4357 613 4407 ac
637 4357 815 4432 procerum
839 4337 943 4429 idios,
979 4339 1034 4430 qui
1061 4333 1105 4409 ad
1129 4335 1236 4409 aulam
1263 4344 1475 4409 accesserant
1500 4337 1592 4432 regis
1619 4339 1653 4410 in
1678 4338 1897 4411 ministerium
1923 4345 1998 4411 tra·

390 4467 489 4563 diti,⁷‘
514 4471 629 4545 latina
654 4472 766 4568 lingua
791 4477 912 4548 institui
938 4497 979 4547 ac
1004 4471 1167 4547 bonarum
1193 4477 1310 4547 artium
1335 4472 1450 4548 studiis
1477 4473 1723 4570 quodammodo
1747 4473 1847 4549 imlrui
1870 4474 1999 4550 vellent

388 4612 548 4706 uirosque
575 4607 766 4701 eruditos,⁸³
793 4635 875 4711 quos
901 4613 1045 4687 clericos
1070 4611 1176 4686 luisse
1201 4622 1460 4687 consentaneum
1486 4621 1550 4705 est,
1576 4611 1619 4686 ad
1641 4612 1751 4686 aulam
1773 4621 1998 4708 arcesserent,

389 4749 445 4843 qui
470 4757 605 4845 praeter
629 4771 766 4823 munera
794 4749 1038 4842 ecclesiastica,
1075 4748 1190 4847 quibus
1225 4753 1260 4825 in
1286 4749 1361 4823 aula
1387 4750 1619 4846 iungerentur,
1646 4750 1698 4825 lais
1723 4753 1837 4849 pueris
1865 4771 1998 4847 quoque

388 4895 551 4960 vacarent
575 4886 802 4981 instituendis,
836 4910 920 4983 quos
954 4885 1114 4986 deinceps
1148 4885 1190 4961 nd
1225 4888 1342 4962 altiora
1372 4886 1571 4987 reipublicae
1597 4909 1736 4992 munera
1763 4897 1904 4964 evectos
1930 4896 1999 4982 aut,

390 5024 419 5096 si
444 5033 571 5098 mature
606 5023 815 5101 discedentes
850 5049 869 5100 a
905 5029 996 5124 regis
1023 5025 1150 5099 Palatio
1177 5049 1288 5100 rerum
1314 5025 1498 5100 divinarum
1523 5022 1638 5101 studiis
1665 5047 1705 5104 se
1731 5024 1919 5122 dedissent,
1954 5023 1999 5101 nd

391 5164 581 5261 superiores
607 5163 771 5240 ecelesiae
798 5163 974 5260 dignitates
1000 5172 1174 5266 promotos
1201 5164 1363 5240 videmus.
1422 5164 1508 5240 llinc
1534 5167 1635 5262 igitur
1660 5174 1734 5240 orta
1761 5174 1814 5241 est
1839 5163 2001 5248 schola.
