4390 6060
310 115 314 124 ¹
339 115 497 133 huna-u·-
503 123 653 133 ------
660 117 875 134 manu-numa-
883 115 1309 136 num-mmmm
1331 113 1883 134 chaum—nQo--mau-nm
1892 115 1992 130 uun·-
2000 117 2007 128 ι
2014 121 2020 128 -
2026 117 2048 129 ι-
2056 113 2168 132 Q

1579 299 1596 331 1

1205 976 1254 1050 16

428 1189 513 1262 turia
539 1185 625 1279 lulla,
661 1183 810 1259 omnibus
836 1185 935 1257 animi
961 1191 1061 1279 atque
1087 1185 1213 1280 ingenii
1238 1179 1414 1256 virtutibus
1442 1183 1577 1254 ornatui
1613 1203 1699 1279 qaae
1725 1203 1781 1255 res
1808 1191 1930 1276 quanta
1956 1181 2037 1257 lae-

427 1329 497 1400 titia
524 1325 668 1399 omniurn
696 1325 823 1397 animos
848 1319 1048 1420 pcrluderit,
1076 1329 1231 1416 quantam
1256 1343 1370 1393 rerum
1395 1317 1578 1392 futurarum
1604 1341 1699 1418 spem
1724 1321 1758 1392 in
1786 1317 1938 1394 omnibus
1966 1342 2036 1394 cx-

429 1464 599 1554 citaverit,
634 1482 704 1534 non
739 1470 808 1554 est,
843 1456 932 1557 quod
965 1457 1075 1531 nudtis
1111 1457 1224 1532 verbis
1259 1455 1434 1530 declarem.
1488 1457 1595 1530 Auxit
1628 1455 1714 1530 banc
1748 1457 1907 1532 laetitiam
1938 1467 2037 1554 grata

428 1601 589 1674 memoria
605 1597 853 1689 beneficiorum,
879 1617 964 1694 quae
981 1593 1249 1668 FlllDElllCUS
1272 1595 1432 1693 Princeps
1450 1603 1565 1668 noster
1590 1594 1863 1670 clementissimus
1889 1598 1925 1669 in
1950 1596 2038 1670 lranc

428 1736 645 1811 Academiam
670 1735 842 1835 perhanc
869 1753 1000 1830 quoque
1027 1755 1148 1806 annum
1174 1731 1330 1806 contulit:
1362 1735 1417 1830 qui
1442 1742 1674 1830 protectorem
1700 1742 1734 1805 ct
1760 1740 1903 1829 quatuor
1928 1731 2038 1806 deca-

430 1897 494 1949 nos
527 1870 786 1971 gratulabundos
825 1861 1062 1968 benignissime
1106 1873 1240 1968 excepit
1274 1889 1380 1965 seque
1413 1892 1528 1944 rerum
1563 1878 1750 1944 nostrarum
1789 1869 1956 1944 fautorem
1996 1894 2038 1944 ac

430 2021 589 2088 statorem
622 2010 700 2085 lore
733 2008 904 2108 professus
939 2018 1071 2106 gratum
1108 2012 1252 2081 animum
1283 2007 1486 2106 ¹significauit
1519 2010 1560 2081 iis
1594 2009 1704 2114 uotis,
1739 2028 1827 2104 quae
1851 2006 2038 2082 Academia

430 2159 547 2225 nostra
571 2152 628 2248 piu
653 2157 763 2222 mente
788 2158 856 2220 tum
880 2150 1027 2245 suscepit
1053 2155 1152 2245 atquc
1178 2144 1244 2219 buc
1270 2146 1348 2220 loco
1375 2146 1517 2220 solemni
1542 2150 1662 2220 iterum
1688 2153 1885 2245 susceptura
1911 2156 1974 2220 cst

533 2425 681 2498 Instituta
708 2446 793 2520 quae
819 2421 968 2497 dicuntur
994 2423 1182 2496 academica
1206 2422 1316 2497 multis
1343 2425 1502 2518 cujusque
1537 2425 1672 2518 generis
1699 2423 1915 2496 incrementis
1942 2431 2038 2496 aucta

432 2585 510 2638 esse
536 2563 708 2637 laetamur.
760 2549 947 2634 Cbcmicum
973 2559 1237 2654 Laboratoriutn,
1263 2584 1353 2635 anno
1379 2564 1555 2659 superiore
1589 2543 1798 2659 incoeptum,
1834 2563 1879 2632 lta
1913 2558 2039 2634 linitum

433 2698 650 2798 cantibusque
676 2699 822 2804 partibus
849 2696 1037 2773 absolutum
1062 2698 1231 2792 ridemus,
1265 2710 1300 2773 ut
1332 2721 1444 2772 rerum
1478 2697 1675 2772 naturalium
1710 2693 1868 2773 studiosis
1895 2697 2040 2774 utilissi-

431 2862 521 2912 mam
552 2837 713 2937 praebeat
747 2838 918 2912 cilicinam.
973 2836 1107 2912 Clinicis
1141 2839 1291 2912 institutis
1325 2838 1443 2911 melius
1473 2839 1647 2935 provisum
1674 2847 1746 2930 est,
1781 2833 1895 2912 addito
1930 2836 2045 2930 attero,

432 2974 594 3070 aedilicio,
619 2977 653 3050 in
680 2974 768 3075 quod
793 2984 1006 3072 aegrotantes
1032 2979 1138 3075 recipi
1163 2977 1303 3074 possint,
1331 2975 1534 3073 alteriusque
1555 2974 1640 3049 adeo
1662 2983 1828 3050 structura
1850 2979 2040 3075 proposita,

433 3112 477 3186 ad
511 3135 572 3190 cas
606 3111 816 3214 recipiendos
850 3135 994 3210 aegros,
1030 3118 1086 3212 qui
1118 3113 1321 3187 variolarum
1348 3112 1466 3186 morbo
1493 3113 1605 3187 inlecti
1632 3124 1729 3208 sunt,
1765 3118 1857 3188 omni
1893 3113 2041 3209 denique

430 3274 544 3326 rerum
570 3255 860 3326 oeconomicarum
886 3275 966 3327 cura
993 3254 1169 3347 conjuncta
1194 3249 1420 3349 reditibusque
1447 3250 1524 3326 indc
1550 3256 1664 3328 auctis.
1721 3251 1877 3327 bluseum
1904 3250 2041 3326 Zuolo-

431 3393 543 3488 gicum
569 3400 702 3490 practer
727 3389 810 3485 alia,
845 3388 963 3487 quibus
998 3393 1174 3486 insigniter
1207 3398 1338 3463 artetum
1365 3399 1436 3484 est,
1470 3389 1648 3466 societatis
1683 3390 1818 3466 lndicac
1854 3389 2041 3484 orientalis,

431 3550 516 3627 quae
541 3526 682 3602 bandini
709 3526 816 3622 llorct,
841 3551 887 3602 cx
914 3529 1003 3604 dono
1022 3534 1151 3629 accepit
1172 3529 1348 3602 multorum
1372 3529 1487 3605 lndiac
1514 3531 1714 3624 animalium,
1741 3534 1854 3606 avitam
1876 3551 2041 3630 praeser-

392 3739 395 3744 ,
430 3668 500 3758 tim,
521 3687 701 3762 carumque
722 3671 887 3740 rariorum
909 3671 1064 3760 exuvias,
1087 3677 1287 3767 procurante
1310 3667 1461 3740 Tboma
1483 3667 1709 3761 llorslicld,
1734 3673 1812 3744 viro
1831 3668 2041 3758 doctissimo,

433 3799 581 3878 Custode
614 3809 723 3879 musei
757 3827 868 3877 rerum
900 3806 1097 3880 naturalium
1130 3805 1226 3901 bajus
1261 3809 1443 3882 societatis.
1495 3807 1597 3881 Aliud
1621 3806 1673 3880 bis
1700 3830 1813 3880 rerum
1840 3805 2041 3880 saturnalium

432 3940 547 4016 studiis
569 3946 713 4018 accessit
734 3941 953 4037 adjumentum
975 3943 1132 4019 herbario
1155 3966 1279 4019 novem
1300 3943 1389 4019 millc
1410 3943 1606 4043 plantarum,
1632 3966 1717 4044 quae
1739 3968 1759 4017 a
1784 3948 1862 4019 viro
1885 3943 2041 4017 clarissi-

431 4101 488 4152 mo
515 4088 550 4152 ct
575 4083 866 4178 experientissimo
891 4079 1047 4158 Albcrs
1073 4087 1144 4159 suis
1172 4107 1324 4182 quaeque
1350 4084 1435 4158 locis
1462 4082 1642 4174 collectae,
1668 4092 1806 4157 nostrae
1831 4080 2042 4156 Academiae

431 4220 466 4292 in
492 4215 716 4294 studiosorum
742 4242 837 4293 usum
865 4220 954 4295 douo
982 4221 1114 4296 oblatae
1140 4231 1225 4298 sunt.
1279 4219 1405 4310 Quibus
1432 4223 1514 4295 viris
1541 4219 1582 4295 dc
1609 4243 1647 4294 rc
1672 4229 1789 4295 nostra
1816 4222 2042 4295 rneritissimis

433 4358 580 4429 animum
606 4353 816 4430 testilrcaunur
840 4363 1074 4454 gratissimum.
1135 4358 1232 4434 llaud
1254 4381 1379 4459 paucas
1406 4362 1619 4434 accessiones
1646 4357 1866 4434 bibliothecae
1892 4357 2041 4433 tbcsauri

432 4502 652 4592 acceperunt,
680 4492 797 4590 quibus
822 4497 940 4573 multos
967 4519 1102 4597 quoquo
1128 4496 1232 4574 libros
1258 4496 1350 4571 dono
1376 4497 1487 4571 illatos
1514 4519 1591 4572 csse
1614 4505 1713 4594 grato
1739 4495 1935 4596 protitcmur
1961 4499 2045 4572 ant·w
2081 4555 2083 4560 .

431 4652 507 4705 mo:
533 4634 655 4706 etenim
680 4629 746 4707 boc
773 4655 904 4731 quoque
930 4657 1019 4709 anno
1047 4636 1340 4710 commemoranda
1365 4645 1443 4712 sunt
1469 4635 1525 4708 illa
1550 4634 1741 4730 volumina,
1768 4658 1855 4733 quae
1875 4632 2042 4709 Fridcrici

431 4765 578 4844 Secundi
602 4767 719 4865 blagni
739 4768 964 4848 Borussorum
986 4777 1079 4871 rogis
1101 4795 1211 4874 opera
1234 4777 1416 4866 continent,
1437 4772 1703 4872 splendidissime
1721 4777 1810 4873 typis
1824 4793 1989 4872 expressa
2007 4778 2043 4845 et

430 4907 583 5005 religata,
603 4907 825 4982 munificentia
842 4907 1050 4986 Fridcrici
1069 4909 1282 4987 Guiliclmt
1301 4914 1408 5008 quarti
1425 4909 1651 4988 Bonrssorum
1666 4915 1759 5011 regis
1777 4909 1821 4987 ad
1838 4933 1903 4986 nos
1924 4918 2044 4985 traus-

431 5043 544 5120 mlssa.
595 5045 772 5122 Librarum
805 5070 978 5124 sacrorum
1012 5046 1105 5126 Novi
1131 5046 1294 5125 Foedcris
1321 5031 1482 5126 volumen
1510 5073 1616 5150 aeque
1642 5049 1815 5152 splendide
1841 5053 2044 5149 impressum

432 5187 468 5252 et
496 5183 682 5284 religatum,
716 5185 803 5262 adeo
828 5195 865 5260 ut
887 5206 1008 5262 uerum
1034 5191 1115 5264 artis
1141 5188 1403 5290 typographicae
1428 5197 1675 5264 mouumentum
1702 5187 1819 5266 baberi
1843 5190 1970 5290 possit,
1995 5206 2046 5264 ex
