4390 6060
899 909 949 987 et

125 1131 156 1190 in
177 1123 292 1206 virgilii
313 1121 512 1198 Grammatici,
535 1119 586 1196 qut
607 1115 646 1177 ed
667 1113 745 1177 lunc
765 1119 861 1194 ipsam
882 1121 1011 1185 aetatem
1039 1119 1180 1196 pertinet,
1208 1115 1345 1196 operibus
1366 1121 1539 1178 occurrunte
1567 1117 1629 1180 rid.
1649 1101 1731 1198 Δις.

126 1239 196 1300 bist
219 1236 356 1298 Classico.
377 1233 477 1295 Aucti.
500 1249 517 1292 e
538 1229 653 1290 Vetice.
676 1227 761 1290 codd.
784 1227 863 1288 editt
885 1226 921 1287 Τ.
942 1228 980 1290 V.
1002 1229 1129 1291 Praetu.
1149 1247 1180 1308 p.
1201 1229 1336 1308 xmsq.

212 1342 270 1429 71)
292 1347 466 1407 Graecos
489 1359 607 1421 quoque
629 1342 786 1417 scriptores
807 1341 838 1400 ln
859 1339 916 1402 bae
937 1339 1040 1402 ecbola
1060 1340 1204 1404 lectitatos
1230 1359 1296 1403 esse
1323 1342 1374 1402 vix
1399 1341 1588 1404 crediderim:
1617 1339 1732 1404 nullum

125 1465 203 1526 enim
225 1467 334 1523 certum
357 1463 454 1518 exstat
473 1457 641 1533 vestigium,
663 1469 718 1514 nee
733 1453 797 1531 ipso
813 1451 953 1513 Alcuinue
967 1453 1055 1532 buJue
1076 1453 1192 1532 linguae
1212 1455 1286 1514 satis
1307 1471 1417 1532 gnarus
1439 1454 1531 1515 inisse
1551 1452 1677 1535 videtur,
1698 1459 1733 1516 ut

125 1580 203 1636 reete
224 1589 317 1648 nuper
338 1569 491 1630 admonuit
512 1565 643 1628 Cramer.
665 1567 695 1626 in
716 1563 874 1625 Dissertnt.
896 1564 932 1627 dc
955 1564 1075 1626 Graecis
1097 1565 1185 1627 medii
1206 1567 1274 1627 aevi
1301 1565 1404 1626 studiis
1426 1565 1507 1627 Part.
1529 1563 1612 1628 alter.
1634 1561 1733 1646 (Sun-

126 1685 191 1746 diac
216 1677 315 1766 1853)
336 1700 367 1760 p.
394 1681 442 1740 18.
485 1677 569 1740 Idem
590 1695 620 1756 p.
645 1678 757 1754 lerqq.
781 1693 926 1754 exponere
949 1677 1063 1757 studet,
1094 1695 1169 1757 quse
1190 1676 1288 1739 ceroti
1308 1675 1412 1756 Magni
1434 1677 1472 1740 de
1492 1677 1584 1741 literis
1608 1676 1731 1741 Graecis

126 1813 285 1873 earumque
306 1793 410 1854 studiis
432 1789 605 1852 revocandis
628 1789 734 1850 luerint
754 1791 868 1850 merite.

212 1900 271 1988 77)
292 1907 340 1967 Do
360 1902 418 1966 bac
441 1901 618 1965 bibliotheca
639 1901 781 1963 Alcuinus
803 1903 834 1962 in
855 1904 983 1964 carmine
1004 1901 1041 1963 de
1056 1901 1206 1965 Pontitiec.
1229 1908 1259 1964 ct
1276 1899 1389 1964 sancte
1404 1901 1517 1964 Ecclee.
1531 1901 1732 1966 Eborncensts

127 2021 206 2081 canit
225 2037 270 2079 rs.
296 2015 378 2078 1535
390 2032 474 2095 sqq-r

590 2157 646 2210 iilic
663 2157 779 2209 inuenies
794 2163 907 2208 ueterum
924 2158 1031 2220 vestigia
1047 2158 1157 2224 Patren,

590 2253 721 2318 Quidquid
737 2253 812 2303 babet
828 2267 873 2319 pro
891 2268 917 2304 se
933 2253 1006 2304 Latio
1024 2253 1151 2304 liomenue
1168 2251 1195 2304 ln
1212 2252 1280 2316 orbe,

591 2349 694 2399 Graecia
711 2349 751 2398 rei
770 2348 893 2414 quidquid
910 2349 1048 2399 transmisit
1066 2347 1131 2398 clare
1147 2347 1254 2412 uttan,

590 2443 731 2494 Hebrsieue
747 2444 789 2494 ret
806 2443 873 2508 quod
890 2443 1000 2509 populas
1016 2443 1082 2493 bibit
1098 2443 1176 2494 imbre
1192 2453 1311 2508 superne,

589 2539 675 2590 soro
691 2539 794 2590 sacrm
811 2515 856 2589 eci
870 2537 993 2604 quaqua
1009 2538 1106 2589 suan·
1122 2534 1238 2604 spinet·

211 2685 378 2765 Sequuntur
405 2685 543 2764 deinceps
571 2686 692 2746 nomina
723 2686 862 2764 Patrem,
902 2703 1027 2764 quorum
1055 2702 1145 2764 opere
1172 2687 1204 2746 in
1231 2681 1290 2746 bae
1316 2681 1496 2747 bibliotheca
1530 2691 1732 2768 assemanbrr,

37 2805 40 2816 '
127 2805 189 2860 tum
210 2800 324 2876 proianl
349 2801 506 2876 scriptores
528 2805 687 2859 vocentur:
710 2797 869 2878 Pompejus
890 2792 926 2881 (l.
949 2815 975 2859 e.
998 2791 1159 2878 lustinus),
1180 2797 1311 2877 Plinius,
1331 2795 1505 2858 Aristoteles
1527 2792 1575 2879 (ln
1592 2795 1734 2862 Latinum
1827 2799 1830 2805 '

126 2905 313 2994 conversus),
341 2911 461 2990 Cicero,
490 2911 647 2990 l’irgssius,
676 2909 803 2991 Statius,
832 2910 987 2990 Lucanus3
1015 2927 1052 2972 ao
1071 2911 1228 2990 praecipue
1250 2907 1443 2971 Grammatiei
1463 2907 1576 2970 Latini:
1604 2909 1733 2992 Probus,

126 3023 231 3105 Foras,
252 3023 397 3102 Donatus,
418 3023 596 3102 Priscianus,
618 3020 749 3102 Servius,
770 3021 931 3102 Euticblus,
953 3022 1123 3102 Pompeius,
1144 3020 1374 3084 cnmmtntmus.

213 3136 231 3194 7
235 3130 271 3219 3)
292 3135 364 3197 Inde
385 3133 528 3196 Aleutnue
549 3151 640 3198 sonex
662 3153 729 3198 cum
751 3152 770 3196 a
791 3136 873 3214 regia
894 3133 962 3196 aula
982 3137 1013 3196 ln
1027 3137 1235 3196 monasterium
1248 3133 1421 3197 Turonenso
1439 3136 1612 3197 secessisset
1632 3134 1734 3214 ibique

125 3247 215 3309 libros
237 3247 404 3309 eruditionis
426 3245 623 3310 scholasticae
645 3247 748 3310 deesse
771 3249 980 3328 comperisset,
1002 3265 1040 3308 ex
1060 3248 1211 3308 Britannia
1230 3245 1286 3308 boe
1307 3244 1398 3309 libros
1428 3247 1524 3309 atierrl
1546 3264 1584 3310 ec
1605 3246 1735 3312 describi

125 3359 190 3422 ruit
209 3377 369 3439 regemque
390 3359 429 3421 ad
451 3359 481 3421 id
502 3359 636 3422 bortatur
657 3361 750 3440 Epist.
774 3361 826 3422 38.
846 3377 878 3439 p.
901 3359 953 3422 5³.

213 3469 271 3552 il)
292 3472 359 3533 l'id.
382 3472 512 3534 Histoire
532 3473 607 3535 liter.
630 3474 668 3536 ds
689 3472 719 3535 la
740 3471 854 3535 Franco
875 3472 926 3534 IV.
948 3491 980 3552 p.
1001 3473 1064 3534 287
1087 3479 1117 3534 et
1137 3471 1214 3534 conl.
1235 3489 1282 3552 ec,
1304 3489 1382 3551 quae
1404 3471 1463 3534 dixi
1483 3473 1530 3534 tn:
1554 3471 1733 3536 Gescbtebte

126 3581 155 3643 d.
177 3583 325 3645 Rdmiscb.
346 3583 467 3645 Litoret
489 3588 530 3645 im
551 3584 704 3666 Karalinq.
725 3585 840 3648 Zeitolt.
862 3587 890 3658 §.
914 3588 942 3646 6.
986 3585 1064 3648 Hinc
1083 3584 1279 3664 Bcrtgaudus,
1300 3585 1472 3663 scriptor
1491 3588 1625 3671 regius
1647 3602 1734 3648 com·

29 3739 31 3746 ,
129 3701 307 3756 memoratur
327 3699 357 3756 ln
377 3695 455 3775 Lupi
476 3697 572 3775 Epist.
594 3699 624 3758 5.
668 3697 781 3760 Referri
802 3714 920 3776 quoque
948 3696 1006 3758 bue
1034 3703 1171 3778 poterunt
1197 3697 1314 3758 Aleuinl
1343 3698 1474 3759 cumina
1502 3695 1588 3760 Sacri
1614 3696 1732 3760 Oodlcle

128 3806 323 3869 voluminibus
344 3811 499 3890 inscripta,
520 3828 565 3870 nr.
588 3811 607 3871 2
631 3816 661 3871 et
682 3827 765 3888 seqq.
786 3827 911 3888 quorum
932 3811 963 3870 ln
983 3825 1042 3871 uno
1063 3808 1197 3888 leguntur
1217 3807 1309 3871 baec:

590 3951 665 4003 perge
682 3936 765 3988 libelle
783 3951 851 3989 secer
869 3961 902 3975 -

591 4038 617 4083 et
633 4037 692 4098 pete
709 4033 829 4098 praeclari
845 4031 972 4097 praeclara
988 4031 1082 4099 palatie
1097 4031 1163 4096 segle
1179 4033 1227 4082 ete.

212 4142 294 4204 Idem
316 4147 445 4206 carmine
468 4147 508 4207 67
532 4164 566 4208 se
588 4149 732 4209 convertit
754 4146 792 4208 ad
814 4145 971 4208 Musaeum
991 4146 1081 4208 libros
1102 4140 1196 4229 (sacri
1218 4137 1344 4226 codicis)
1364 4141 1564 4208 scribentium.

214 4251 266 4334 75)
289 4255 326 4316 In
346 4256 406 4318 Vtt.
429 4256 525 4319 Garol.
549 4275 596 4337 cp.
617 4258 658 4320 su
683 4258 719 4320 de
742 4276 801 4337 quo
822 4257 889 4321 leco
911 4259 987 4320 coni.
1008 4257 1117 4320 Koeler
1136 4257 1155 4318 l.
1177 4275 1248 4319 mox
1267 4255 1287 4318 l.
1308 4275 1339 4336 p.
1362 4257 1392 4319 5.

213 4361 266 4446 76)
289 4367 357 4429 Vici.
378 4369 519 4431 lidcmari
547 4369 682 4432 chronic.
704 4371 743 4432 ad
765 4390 833 4432 ann.
855 4369 918 4431 816
940 4371 971 4432 in
991 4369 1094 4432 Labbe
1113 4369 1191 4432 Nor.
1211 4368 1350 4432 Bibliotb.
1371 4367 1446 4430 lise.
1466 4367 1506 4430 11.
1526 4386 1560 4448 p.
1583 4367 1654 4430 158.
1686 4367 1734 4430 Ex

124 4480 256 4557 proximo
277 4481 515 4544 antecedentibus
536 4483 716 4562 Aquisgrani
736 4483 814 4545 hanc
834 4481 1041 4546 bibliothecam
1062 4483 1152 4545 inisse
1166 4485 1232 4561 quis
1247 4481 1376 4561 colliget.
1397 4479 1509 4542 -De
1531 4477 1733 4542 Amalerlo

19 4667 20 4672 ἵ
125 4590 185 4652 uid.
206 4589 336 4654 Histoire
357 4593 432 4657 liter.
461 4593 498 4656 de
527 4593 558 4656 la
585 4595 701 4658 Franco
722 4595 776 4656 lv.
798 4613 829 4674 p.
853 4595 914 4658 531
927 4611 993 4674 sqq.
1035 4593 1209 4658 Gescblebte
1238 4592 1439 4656 demiscb.
1460 4590 1583 4655 Literni.
1604 4593 1647 4654 im
1666 4589 1734 4653 Ka·

124 4702 229 4783 roling.
250 4704 365 4766 Zeitnlt.
386 4707 416 4778 §-
441 4706 513 4769 150.

211 4810 265 4896 77)
288 4815 357 4878 Vid.
379 4816 485 4896 capitt.
507 4818 603 4898 Regg.
624 4819 672 4883 ed.
693 4820 806 4883 Baluze
826 4818 864 4882 Τ.
882 4819 923 4881 Π.
943 4837 975 4900 p.
996 4820 1071 4882 264.
1091 4837 1136 4882 ιιι.
1159 4820 1211 4882 ti.

212 4921 266 5008 78)
287 4927 409 5006 Spectat
429 4927 488 4990 bue
509 4933 696 5009 potiosimum
717 4930 932 4995 commentatio
955 4931 991 4995 de
1014 4931 1188 4995 bibliothece
1217 4929 1315 4994 Caroli
1343 4929 1446 5012 blaqni
1473 4927 1663 5010 Imperatoris
1691 4917 1733 4989 ld

124 5037 277 5116 liginbartt
298 5037 335 5100 de
356 5042 419 5101 rita
440 5039 573 5119 ejusdem
595 5042 831 5126 capxxxm,
852 5061 942 5124 quem
956 5075 998 5092 -
1013 5043 1068 5106 sub
1081 5043 1228 5124 praesidio
1250 5041 1307 5107 do.
1328 5041 1495 5105 Deridte
1517 5037 1734 5103 Koeleri-

123 5163 178 5228 pro
199 5147 327 5230 legitime
349 5150 515 5216 obtinendis
536 5153 697 5219 bonoribus
723 5157 754 5220 in
778 5155 964 5238 pbilosophis
984 5159 1105 5220 summis
1126 5155 1247 5238 publice
1273 5156 1412 5237 proponit
1431 5151 1597 5220 blidericus
1618 5147 1733 5216 Pe’nlue
