4390 6060
210 2525 391 2633 Cullcpuc
421 2525 749 2630 conjunctissimi!

211 2682 297 2766 Viri
322 2707 466 2762 suntrne
494 2677 718 2762 reuerendi!
737 2681 845 2782 juris
875 2673 1164 2780 consultissimi,
1197 2679 1529 2784 experientissimi,
1562 2657 1814 2785 umplissimil

209 2835 496 2920 conroretttones
528 2835 790 2917 dilectissimi!

206 2992 417 3076 Auditorcs
448 2996 614 3073 omnium
644 2989 832 3094 ordimem,
864 2997 1046 3099 quotquot
1076 2991 1236 3094 adestis,
1266 2988 1578 3072 honoratissimi!

313 3419 439 3515 Viginti
465 3419 538 3493 iere
565 3421 641 3494 anni
667 3419 882 3518 praeterlapsi
909 3425 1004 3510 sunt,
1031 3442 1106 3494 cum
1133 3440 1180 3493 ex
1204 3416 1370 3492 hocloco
1396 3417 1559 3509 solemni,
1584 3413 1811 3492 celebraturus

209 3557 364 3632 natalicia
390 3555 554 3632 CAROLI
582 3557 818 3650 FRIDERICI,
844 3557 924 3633 Divi
952 3557 1127 3656 Principis,
1152 3555 1258 3632 verba
1280 3555 1429 3630 lacerem
1455 3553 1498 3629 de
1528 3553 1650 3630 scholis
1676 3553 1816 3654 publicis

211 3696 286 3771 sive
320 3693 562 3788 tenuentur>
598 3718 683 3792 quae
709 3698 838 3794 imperii
862 3697 1005 3771 Ronrnni
1027 3697 1098 3790 jam
1123 3693 1307 3770 labentibus
1333 3697 1429 3798 annis
1455 3702 1490 3769 ei
1510 3695 1639 3769 Romae
1660 3701 1695 3767 ei
1716 3691 1814 3768 Gon·
1935 3691 1941 3704 ’

129 3871 130 3874 “
211 3834 422 3933 stantinopoli
447 3834 791 3935 Imperatorumcura
817 3834 950 3910 luerunt
975 3844 1010 3909 ct
1035 3832 1189 3911 conditae
1216 3845 1249 3909 et
1274 3843 1491 3927 sustentatae,
1516 3829 1757 3909 cotrssuentibus
1782 3829 1818 3901 in

212 3980 386 4068 utramque
424 3971 541 4048 urbem
581 3995 626 4047 ex
669 3977 759 4049 omni
794 3982 955 4051 terrarum
998 3971 1082 4048 orbe
1116 3973 1295 4069 juvenibus
1337 3972 1510 4048 literarum
1547 3969 1724 4066 studiosis,
1761 3971 1819 4067 qut

214 4111 257 4185 ad
291 4109 407 4185 altiora
440 4111 547 4186 studia
576 4111 788 4207 accederent,
796 4107 819 4158 ²)
854 4117 934 4186 satis
972 4116 1160 4212 praeparati
1185 4136 1259 4186 cum
1284 4120 1398 4186 essent
1423 4115 1456 4185 in
1481 4113 1664 4211 provinciis
1689 4110 1819 4209 irnperii

215 4247 379 4342 Romani,
414 4272 499 4347 quae
537 4273 601 4327 nec
639 4251 762 4327 scholis
806 4274 869 4326 nce
909 4251 980 4324 aliis
1019 4250 1182 4327 honarum
1220 4251 1337 4325 artium
1379 4247 1535 4325 subsidiis
1569 4259 1639 4324 tum
1679 4269 1818 4346 prorsus

217 4395 405 4463 caruerunt

320 4524 393 4599 tarn
419 4525 579 4602 redeunte
604 4528 670 4603 hoe
695 4527 749 4602 die
774 4529 913 4604 solemni
939 4527 1025 4601 haud
1052 4527 1109 4603 din
1134 4524 1463 4624 circumspiciendum
1489 4535 1581 4619 erat,
1617 4521 1706 4622 quod
1739 4521 1818 4597 milri

218 4686 385 4740 sumerem
410 4664 539 4740 dicendi
566 4676 794 4764 argumentum
819 4665 861 4741 ad
887 4665 1154 4742 courcelelrraudu
1179 4665 1263 4740 hace
1285 4665 1438 4741 natalicia
1462 4666 1543 4741 utve
1563 4663 1738 4761 Principis,
1763 4660 1819 4758 qu

218 4811 253 4876 et
278 4805 350 4901 ipse
374 4801 459 4877 hane
484 4813 631 4878 nostram
658 4802 872 4880 Academiam
897 4808 1094 4882 instauravit
1119 4805 1298 4902 literasquc
1322 4808 1357 4878 in
1382 4802 1468 4879 hane
1493 4800 1609 4880 sedem
1634 4799 1821 4890 revocavit,

219 4962 336 5037 equa
369 4938 532 5014 bellorum
565 4939 681 5017 iurare
715 4944 923 5041 omniumque
958 4965 1071 5049 rerum
1105 4942 1351 5043 perturbatione
1384 4941 1516 5018 lucrant
1550 4937 1726 5038 esptdsue:
1762 4934 1820 5034 qul

103 5170 114 5190 ⁹
218 5075 306 5152 hane
331 5081 437 5177 ipsam
462 5076 691 5176 Aaadcmiam,
717 5081 802 5157 inter
828 5083 1070 5180 antiquissimas
1092 5081 1293 5248 gprmaniae
1316 5080 1555 5158 Universitates
1572 5073 1660 5152 haud
1675 5075 1823 5152 ultimum
