<?xml version="1.0" encoding="UTF-8"?>
<!DOCTYPE html PUBLIC "-//W3C//DTD XHTML 1.0 Transitional//EN"
    "http://www.w3.org/TR/xhtml1/DTD/xhtml1-transitional.dtd">
<html xmlns="http://www.w3.org/1999/xhtml" xml:lang="en" lang="en">
 <head>
  <title>
</title>
<meta http-equiv="Content-Type" content="text/html;charset=utf-8" />
  <meta name='ocr-system' content='tesseract 3.04.00' />
  <meta name='ocr-capabilities' content='ocr_page ocr_carea ocr_par ocr_line ocrx_word'/>
</head>
<body>
  <div class='ocr_page' id='page_1' title='image "./deliterarumstud00bhgoog_0033.png"; bbox 0 0 4390 6060; ppageno 0'>
   <div class='ocr_carea' id='block_1_1' title="bbox 1168 801 1219 875">
    <p class='ocr_par' dir='ltr' id='par_1_1' title="bbox 1168 801 1219 875">
     <span class='ocr_line' id='line_1_1' title="bbox 1168 801 1219 875; baseline 0 0"><span class='ocrx_word' id='word_1_1' title='bbox 1168 801 1219 875; x_wconf 77' lang='lat'>14</span> 
     </span>
    </p>
   </div>
   <div class='ocr_carea' id='block_1_2' title="bbox 380 1003 1995 4009">
    <p class='ocr_par' dir='ltr' id='par_1_2' title="bbox 388 1003 1995 1936">
     <span class='ocr_line' id='line_1_2' title="bbox 390 1003 1993 1110; baseline 0.002 -27"><span class='ocrx_word' id='word_1_2' title='bbox 390 1017 547 1110; x_wconf 83' lang='lat' dir='ltr'>quantum</span> <span class='ocrx_word' id='word_1_3' title='bbox 573 1009 768 1083; x_wconf 72' lang='lat' dir='ltr'><strong>recentioris</strong></span> <span class='ocrx_word' id='word_1_4' title='bbox 794 1008 910 1080; x_wconf 89' lang='lat' dir='ltr'>aetatis</span> <span class='ocrx_word' id='word_1_5' title='bbox 934 1003 1156 1080; x_wconf 87' lang='lat' dir='ltr'>bibliothecae</span> <span class='ocrx_word' id='word_1_6' title='bbox 1172 1010 1355 1101; x_wconf 73' lang='lat' dir='ltr'>continent,</span> <span class='ocrx_word' id='word_1_7' title='bbox 1380 1029 1447 1083; x_wconf 88' lang='lat' dir='ltr'>aaa</span> <span class='ocrx_word' id='word_1_8' title='bbox 1474 1030 1548 1081; x_wconf 91' lang='lat' dir='ltr'>cum</span> <span class='ocrx_word' id='word_1_9' title='bbox 1573 1007 1688 1084; x_wconf 89' lang='lat' dir='ltr'>schola</span> <span class='ocrx_word' id='word_1_10' title='bbox 1713 1007 1873 1102; x_wconf 86' lang='lat' dir='ltr'>Palatina,</span> <span class='ocrx_word' id='word_1_11' title='bbox 1895 1031 1993 1106; x_wconf 84' lang='lat' dir='ltr'>quem</span> 
     </span>
     <span class='ocr_line' id='line_1_3' title="bbox 389 1142 1994 1244; baseline 0 -22"><span class='ocrx_word' id='word_1_12' title='bbox 389 1156 515 1222; x_wconf 87' lang='lat' dir='ltr'>certam</span> <span class='ocrx_word' id='word_1_13' title='bbox 530 1146 646 1222; x_wconf 86' lang='lat' dir='ltr'>sedern</span> <span class='ocrx_word' id='word_1_14' title='bbox 663 1167 731 1220; x_wconf 90' lang='lat' dir='ltr'>uon</span> <span class='ocrx_word' id='word_1_15' title='bbox 745 1142 901 1220; x_wconf 87' lang='lat' dir='ltr'>hobuisse</span> <span class='ocrx_word' id='word_1_16' title='bbox 915 1167 1018 1243; x_wconf 90' lang='lat' dir='ltr'>supra</span> <span class='ocrx_word' id='word_1_17' title='bbox 1039 1143 1196 1237; x_wconf 85' lang='lat' dir='ltr'>diximus,</span> <span class='ocrx_word' id='word_1_18' title='bbox 1218 1155 1461 1244; x_wconf 86' lang='lat' dir='ltr'>transportata:</span> <span class='ocrx_word' id='word_1_19' title='bbox 1488 1147 1552 1220; x_wconf 88' lang='lat' dir='ltr'>nisi</span> <span class='ocrx_word' id='word_1_20' title='bbox 1569 1145 1664 1220; x_wconf 91' lang='lat' dir='ltr'>malis</span> <span class='ocrx_word' id='word_1_21' title='bbox 1680 1155 1838 1243; x_wconf 73' lang='lat' dir='ltr'>statuere,</span> <span class='ocrx_word' id='word_1_22' title='bbox 1862 1150 1897 1222; x_wconf 88' lang='lat' dir='ltr'>in</span> <span class='ocrx_word' id='word_1_23' title='bbox 1918 1151 1994 1224; x_wconf 87' lang='lat' dir='ltr'>sin·-</span> 
     </span>
     <span class='ocr_line' id='line_1_4' title="bbox 388 1281 1994 1382; baseline 0 -22"><span class='ocrx_word' id='word_1_24' title='bbox 388 1285 477 1381; x_wconf 73' lang='lat' dir='ltr'>gotis</span> <span class='ocrx_word' id='word_1_25' title='bbox 501 1283 656 1376; x_wconf 87' lang='lat' dir='ltr'>Palatiis,</span> <span class='ocrx_word' id='word_1_26' title='bbox 682 1281 916 1381; x_wconf 79' lang='lat' dir='ltr'>insignioribus</span> <span class='ocrx_word' id='word_1_27' title='bbox 943 1290 1037 1356; x_wconf 89' lang='lat' dir='ltr'>certe</span> <span class='ocrx_word' id='word_1_28' title='bbox 1062 1281 1145 1374; x_wconf 89' lang='lat' dir='ltr'>illis,</span> <span class='ocrx_word' id='word_1_29' title='bbox 1177 1285 1212 1356; x_wconf 88' lang='lat' dir='ltr'>iu</span> <span class='ocrx_word' id='word_1_30' title='bbox 1239 1283 1357 1379; x_wconf 88' lang='lat' dir='ltr'>quibus</span> <span class='ocrx_word' id='word_1_31' title='bbox 1382 1305 1447 1356; x_wconf 86' lang='lat' dir='ltr'>rex</span> <span class='ocrx_word' id='word_1_32' title='bbox 1474 1281 1591 1358; x_wconf 82' lang='lat' dir='ltr'>dlutius</span> <span class='ocrx_word' id='word_1_33' title='bbox 1617 1287 1816 1360; x_wconf 87' lang='lat' dir='ltr'>commorari</span> <span class='ocrx_word' id='word_1_34' title='bbox 1842 1282 1994 1382; x_wconf 82' lang='lat' dir='ltr'>adeoque</span> 
     </span>
     <span class='ocr_line' id='line_1_5' title="bbox 388 1419 1995 1518; baseline 0.001 -20"><span class='ocrx_word' id='word_1_35' title='bbox 388 1423 538 1498; x_wconf 88' lang='lat' dir='ltr'>hiemare</span> <span class='ocrx_word' id='word_1_36' title='bbox 554 1421 695 1514; x_wconf 84' lang='lat' dir='ltr'>solebat,</span> <span class='ocrx_word' id='word_1_37' title='bbox 718 1444 752 1498; x_wconf 86' lang='lat' dir='ltr'>v.</span> <span class='ocrx_word' id='word_1_38' title='bbox 770 1444 798 1496; x_wconf 90' lang='lat' dir='ltr'>o.</span> <span class='ocrx_word' id='word_1_39' title='bbox 818 1423 852 1495; x_wconf 89' lang='lat' dir='ltr'>in</span> <span class='ocrx_word' id='word_1_40' title='bbox 869 1419 1151 1516; x_wconf 85' lang='lat' dir='ltr'>Aquisgranensi,</span> <span class='ocrx_word' id='word_1_41' title='bbox 1178 1442 1297 1496; x_wconf 90' lang='lat' dir='ltr'>eorum</span> <span class='ocrx_word' id='word_1_42' title='bbox 1323 1419 1495 1515; x_wconf 92' lang='lat' dir='ltr'>librorum,</span> <span class='ocrx_word' id='word_1_43' title='bbox 1521 1426 1576 1518; x_wconf 88' lang='lat' dir='ltr'>qui</span> <span class='ocrx_word' id='word_1_44' title='bbox 1602 1420 1644 1496; x_wconf 92' lang='lat' dir='ltr'>ad</span> <span class='ocrx_word' id='word_1_45' title='bbox 1668 1421 1781 1497; x_wconf 81' lang='lat' dir='ltr'>literas</span> <span class='ocrx_word' id='word_1_46' title='bbox 1807 1422 1995 1500; x_wconf 87' lang='lat' dir='ltr'>tractandas</span> 
     </span>
     <span class='ocr_line' id='line_1_6' title="bbox 388 1556 1995 1658; baseline 0.001 -23"><span class='ocrx_word' id='word_1_47' title='bbox 388 1563 572 1636; x_wconf 89' lang='lat' dir='ltr'>necessarii</span> <span class='ocrx_word' id='word_1_48' title='bbox 596 1559 813 1654; x_wconf 77' lang='lat' dir='ltr'>haberentur,</span> <span class='ocrx_word' id='word_1_49' title='bbox 846 1559 1016 1634; x_wconf 81' lang='lat' dir='ltr'>uolumina</span> <span class='ocrx_word' id='word_1_50' title='bbox 1043 1556 1209 1658; x_wconf 89' lang='lat' dir='ltr'>descripta</span> <span class='ocrx_word' id='word_1_51' title='bbox 1235 1562 1407 1634; x_wconf 83' lang='lat' dir='ltr'>asservari</span> <span class='ocrx_word' id='word_1_52' title='bbox 1432 1559 1529 1634; x_wconf 91' lang='lat' dir='ltr'>solita</span> <span class='ocrx_word' id='word_1_53' title='bbox 1555 1581 1631 1634; x_wconf 90' lang='lat' dir='ltr'>esse</span> <span class='ocrx_word' id='word_1_54' title='bbox 1655 1560 1870 1657; x_wconf 80' lang='lat' dir='ltr'>singulasque</span> <span class='ocrx_word' id='word_1_55' title='bbox 1893 1563 1995 1658; x_wconf 81' lang='lat' dir='ltr'>igitur</span> 
     </span>
     <span class='ocr_line' id='line_1_7' title="bbox 388 1694 1995 1796; baseline -0.001 -21"><span class='ocrx_word' id='word_1_56' title='bbox 388 1697 528 1796; x_wconf 85' lang='lat' dir='ltr'>singulis</span> <span class='ocrx_word' id='word_1_57' title='bbox 553 1701 588 1773; x_wconf 90' lang='lat' dir='ltr'>iu</span> <span class='ocrx_word' id='word_1_58' title='bbox 612 1698 745 1773; x_wconf 88' lang='lat' dir='ltr'>Palatiis</span> <span class='ocrx_word' id='word_1_59' title='bbox 771 1699 940 1774; x_wconf 81' lang='lat' dir='ltr'>exstitisse</span> <span class='ocrx_word' id='word_1_60' title='bbox 964 1694 1196 1788; x_wconf 84' lang='lat' dir='ltr'>bibliothecas,</span> <span class='ocrx_word' id='word_1_61' title='bbox 1222 1699 1252 1772; x_wconf 89' lang='lat' dir='ltr'>si</span> <span class='ocrx_word' id='word_1_62' title='bbox 1277 1697 1343 1772; x_wconf 89' lang='lat' dir='ltr'>hoo</span> <span class='ocrx_word' id='word_1_63' title='bbox 1369 1699 1504 1771; x_wconf 85' lang='lat' dir='ltr'>nouriuo</span> <span class='ocrx_word' id='word_1_64' title='bbox 1530 1698 1734 1773; x_wconf 86' lang='lat' dir='ltr'>voluminum</span> <span class='ocrx_word' id='word_1_65' title='bbox 1759 1698 1889 1772; x_wconf 89' lang='lat' dir='ltr'>illomm</span> <span class='ocrx_word' id='word_1_66' title='bbox 1914 1697 1995 1788; x_wconf 79' lang='lat' dir='ltr'>eol-</span> 
     </span>
     <span class='ocr_line' id='line_1_8' title="bbox 388 1835 1708 1936; baseline -0.002 -24"><span class='ocrx_word' id='word_1_67' title='bbox 388 1835 552 1912; x_wconf 89' lang='lat' dir='ltr'>leclioues</span> <span class='ocrx_word' id='word_1_68' title='bbox 578 1836 745 1936; x_wconf 89' lang='lat' dir='ltr'>appellare</span> <span class='ocrx_word' id='word_1_69' title='bbox 769 1835 877 1911; x_wconf 89' lang='lat' dir='ltr'>liceat.</span> <span class='ocrx_word' id='word_1_70' title='bbox 1705 1903 1708 1909; x_wconf 89' lang='lat'>.</span> 
     </span>
    </p>

    <p class='ocr_par' dir='ltr' id='par_1_3' title="bbox 385 1970 1994 3180">
     <span class='ocr_line' id='line_1_9' title="bbox 492 1970 1994 2069; baseline 0.002 -21"><span class='ocrx_word' id='word_1_71' title='bbox 492 1973 573 2048; x_wconf 91' lang='lat' dir='ltr'>Utut</span> <span class='ocrx_word' id='word_1_72' title='bbox 597 1975 730 2066; x_wconf 88' lang='lat' dir='ltr'>statuis,</span> <span class='ocrx_word' id='word_1_73' title='bbox 763 1981 891 2049; x_wconf 92' lang='lat' dir='ltr'>certum</span> <span class='ocrx_word' id='word_1_74' title='bbox 926 1980 979 2046; x_wconf 87' lang='lat' dir='ltr'>est</span> <span class='ocrx_word' id='word_1_75' title='bbox 1012 1974 1047 2047; x_wconf 88' lang='lat' dir='ltr'>iu</span> <span class='ocrx_word' id='word_1_76' title='bbox 1083 1970 1195 2047; x_wconf 79' lang='lat' dir='ltr'>Caroli</span> <span class='ocrx_word' id='word_1_77' title='bbox 1220 1970 1338 2067; x_wconf 82' lang='lat' dir='ltr'>hlagni</span> <span class='ocrx_word' id='word_1_78' title='bbox 1364 1972 1491 2047; x_wconf 88' lang='lat' dir='ltr'>Palatio</span> <span class='ocrx_word' id='word_1_79' title='bbox 1518 1971 1676 2048; x_wconf 89' lang='lat' dir='ltr'>librorum</span> <span class='ocrx_word' id='word_1_80' title='bbox 1701 1974 1889 2069; x_wconf 88' lang='lat' dir='ltr'>hujusmodi</span> <span class='ocrx_word' id='word_1_81' title='bbox 1915 1974 1994 2051; x_wconf 91' lang='lat' dir='ltr'>col-</span> 
     </span>
     <span class='ocr_line' id='line_1_10' title="bbox 387 2105 1994 2208; baseline 0.002 -21"><span class='ocrx_word' id='word_1_82' title='bbox 387 2111 566 2188; x_wconf 87' lang='lat' dir='ltr'>lectionem</span> <span class='ocrx_word' id='word_1_83' title='bbox 592 2113 768 2206; x_wconf 86' lang='lat' dir='ltr'>exstitisse,</span> <span class='ocrx_word' id='word_1_84' title='bbox 793 2133 891 2208; x_wconf 82' lang='lat' dir='ltr'>quam</span> <span class='ocrx_word' id='word_1_85' title='bbox 916 2112 1013 2186; x_wconf 87' lang='lat' dir='ltr'>novit</span> <span class='ocrx_word' id='word_1_86' title='bbox 1037 2105 1268 2184; x_wconf 68' lang='lat' dir='ltr'>Eiuhordus⁷⁵l</span> <span class='ocrx_word' id='word_1_87' title='bbox 1295 2113 1330 2185; x_wconf 89' lang='lat' dir='ltr'>in</span> <span class='ocrx_word' id='word_1_88' title='bbox 1357 2107 1470 2185; x_wconf 82' lang='lat' dir='ltr'>Caroli</span> <span class='ocrx_word' id='word_1_89' title='bbox 1494 2109 1609 2207; x_wconf 84' lang='lat' dir='ltr'>hlagni</span> <span class='ocrx_word' id='word_1_90' title='bbox 1629 2121 1824 2188; x_wconf 87' lang='lat' dir='ltr'>testamento</span> <span class='ocrx_word' id='word_1_91' title='bbox 1843 2112 1994 2190; x_wconf 88' lang='lat' dir='ltr'>scribens</span> 
     </span>
     <span class='ocr_line' id='line_1_11' title="bbox 388 2245 1992 2348; baseline 0.004 -24"><span class='ocrx_word' id='word_1_92' title='bbox 388 2249 458 2347; x_wconf 78' lang='lat' dir='ltr'>,de</span> <span class='ocrx_word' id='word_1_93' title='bbox 491 2249 601 2343; x_wconf 91' lang='lat' dir='ltr'>libris,</span> <span class='ocrx_word' id='word_1_94' title='bbox 637 2272 773 2348; x_wconf 88' lang='lat' dir='ltr'>qaorum</span> <span class='ocrx_word' id='word_1_95' title='bbox 805 2252 841 2324; x_wconf 90' lang='lat' dir='ltr'>in</span> <span class='ocrx_word' id='word_1_96' title='bbox 874 2247 1073 2323; x_wconf 87' lang='lat' dir='ltr'>bibliotheca</span> <span class='ocrx_word' id='word_1_97' title='bbox 1107 2271 1168 2322; x_wconf 88' lang='lat' dir='ltr'>sua</span> <span class='ocrx_word' id='word_1_98' title='bbox 1195 2251 1325 2348; x_wconf 89' lang='lat' dir='ltr'>copiam</span> <span class='ocrx_word' id='word_1_99' title='bbox 1352 2245 1609 2346; x_wconf 79' lang='lat' dir='ltr'>congregavit“,</span> <span class='ocrx_word' id='word_1_100' title='bbox 1645 2249 1720 2346; x_wconf 91' lang='lat' dir='ltr'>qaid</span> <span class='ocrx_word' id='word_1_101' title='bbox 1742 2273 1807 2325; x_wconf 90' lang='lat' dir='ltr'>rex</span> <span class='ocrx_word' id='word_1_102' title='bbox 1832 2255 1992 2330; x_wconf 77' lang='lat' dir='ltr'>statuerit</span> 
     </span>
     <span class='ocr_line' id='line_1_12' title="bbox 386 2383 1991 2486; baseline 0.001 -25"><span class='ocrx_word' id='word_1_103' title='bbox 386 2387 483 2462; x_wconf 86' lang='lat' dir='ltr'>Hane</span> <span class='ocrx_word' id='word_1_104' title='bbox 507 2386 748 2482; x_wconf 88' lang='lat' dir='ltr'>bibliothecam,</span> <span class='ocrx_word' id='word_1_105' title='bbox 772 2390 802 2462; x_wconf 89' lang='lat' dir='ltr'>si</span> <span class='ocrx_word' id='word_1_106' title='bbox 827 2390 872 2460; x_wconf 91' lang='lat' dir='ltr'>ito</span> <span class='ocrx_word' id='word_1_107' title='bbox 897 2409 1026 2462; x_wconf 84' lang='lat' dir='ltr'>uocare</span> <span class='ocrx_word' id='word_1_108' title='bbox 1051 2388 1162 2480; x_wconf 83' lang='lat' dir='ltr'>liceat,</span> <span class='ocrx_word' id='word_1_109' title='bbox 1187 2385 1351 2462; x_wconf 87' lang='lat' dir='ltr'>Ludovici</span> <span class='ocrx_word' id='word_1_110' title='bbox 1375 2387 1439 2480; x_wconf 91' lang='lat' dir='ltr'>Pii,</span> <span class='ocrx_word' id='word_1_111' title='bbox 1465 2389 1519 2486; x_wconf 89' lang='lat' dir='ltr'>qui</span> <span class='ocrx_word' id='word_1_112' title='bbox 1547 2383 1658 2462; x_wconf 82' lang='lat' dir='ltr'>Caroli</span> <span class='ocrx_word' id='word_1_113' title='bbox 1677 2387 1792 2482; x_wconf 79' lang='lat' dir='ltr'>hlagoi</span> <span class='ocrx_word' id='word_1_114' title='bbox 1813 2388 1873 2463; x_wconf 89' lang='lat' dir='ltr'>iait</span> <span class='ocrx_word' id='word_1_115' title='bbox 1892 2389 1991 2486; x_wconf 83' lang='lat' dir='ltr'>filius,</span> 
     </span>
     <span class='ocr_line' id='line_1_13' title="bbox 387 2523 1992 2626; baseline 0.002 -28"><span class='ocrx_word' id='word_1_116' title='bbox 387 2525 590 2626; x_wconf 86' lang='lat' dir='ltr'>temporibus</span> <span class='ocrx_word' id='word_1_117' title='bbox 616 2525 721 2600; x_wconf 92' lang='lat' dir='ltr'>adhuo</span> <span class='ocrx_word' id='word_1_118' title='bbox 745 2527 924 2618; x_wconf 81' lang='lat' dir='ltr'>exstitisse,</span> <span class='ocrx_word' id='word_1_119' title='bbox 951 2523 1051 2599; x_wconf 88' lang='lat' dir='ltr'>docet</span> <span class='ocrx_word' id='word_1_120' title='bbox 1075 2524 1279 2617; x_wconf 85' lang='lat' dir='ltr'>Amalarius,</span> <span class='ocrx_word' id='word_1_121' title='bbox 1307 2529 1361 2600; x_wconf 90' lang='lat' dir='ltr'>cai</span> <span class='ocrx_word' id='word_1_122' title='bbox 1386 2524 1505 2600; x_wconf 93' lang='lat' dir='ltr'>librum</span> <span class='ocrx_word' id='word_1_123' title='bbox 1531 2523 1573 2598; x_wconf 87' lang='lat' dir='ltr'>do</span> <span class='ocrx_word' id='word_1_124' title='bbox 1594 2527 1663 2602; x_wconf 84' lang='lat' dir='ltr'>vita</span> <span class='ocrx_word' id='word_1_125' title='bbox 1684 2525 1880 2601; x_wconf 87' lang='lat' dir='ltr'>clericorum</span> <span class='ocrx_word' id='word_1_126' title='bbox 1901 2529 1992 2604; x_wconf 88' lang='lat' dir='ltr'>sori-</span> 
     </span>
     <span class='ocr_line' id='line_1_14' title="bbox 385 2659 1993 2764; baseline 0.003 -28"><span class='ocrx_word' id='word_1_127' title='bbox 385 2660 479 2738; x_wconf 90' lang='lat' dir='ltr'>beuti</span> <span class='ocrx_word' id='word_1_128' title='bbox 503 2662 692 2742; x_wconf 85' lang='lat' dir='ltr'>Ludovicus</span> <span class='ocrx_word' id='word_1_129' title='bbox 717 2669 845 2764; x_wconf 91' lang='lat' dir='ltr'>oopiam</span> <span class='ocrx_word' id='word_1_130' title='bbox 869 2661 1030 2737; x_wconf 89' lang='lat' dir='ltr'>librorum</span> <span class='ocrx_word' id='word_1_131' title='bbox 1056 2660 1107 2736; x_wconf 90' lang='lat' dir='ltr'>de</span> <span class='ocrx_word' id='word_1_132' title='bbox 1132 2686 1212 2739; x_wconf 88' lang='lat' dir='ltr'>suo</span> <span class='ocrx_word' id='word_1_133' title='bbox 1238 2661 1419 2739; x_wconf 92' lang='lat' dir='ltr'>Palatio</span> <span class='ocrx_word' id='word_1_134' title='bbox 1446 2662 1580 2740; x_wconf 86' lang='lat' dir='ltr'>dedisse</span> <span class='ocrx_word' id='word_1_135' title='bbox 1605 2659 1772 2758; x_wconf 75' lang='lat' dir='ltr'>lertur,⁷⁸³</span> <span class='ocrx_word' id='word_1_136' title='bbox 1807 2675 1844 2740; x_wconf 89' lang='lat' dir='ltr'>ut</span> <span class='ocrx_word' id='word_1_137' title='bbox 1869 2689 1916 2740; x_wconf 88' lang='lat' dir='ltr'>ex</span> <span class='ocrx_word' id='word_1_138' title='bbox 1940 2665 1993 2742; x_wconf 78' lang='lat' dir='ltr'>his</span> 
     </span>
     <span class='ocr_line' id='line_1_15' title="bbox 388 2797 1993 2901; baseline 0.002 -25"><span class='ocrx_word' id='word_1_139' title='bbox 388 2823 475 2898; x_wconf 84' lang='lat' dir='ltr'>quae</span> <span class='ocrx_word' id='word_1_140' title='bbox 500 2801 693 2878; x_wconf 88' lang='lat' dir='ltr'>viderentur</span> <span class='ocrx_word' id='word_1_141' title='bbox 717 2825 863 2898; x_wconf 83' lang='lat' dir='ltr'>congrua</span> <span class='ocrx_word' id='word_1_142' title='bbox 889 2811 1101 2901; x_wconf 86' lang='lat' dir='ltr'>excerperet.</span> <span class='ocrx_word' id='word_1_143' title='bbox 1153 2801 1267 2899; x_wconf 85' lang='lat' dir='ltr'>Atque</span> <span class='ocrx_word' id='word_1_144' title='bbox 1303 2797 1445 2877; x_wconf 83' lang='lat' dir='ltr'>Carolus</span> <span class='ocrx_word' id='word_1_145' title='bbox 1479 2799 1603 2880; x_wconf 82' lang='lat' dir='ltr'>Caluus</span> <span class='ocrx_word' id='word_1_146' title='bbox 1639 2811 1836 2878; x_wconf 77' lang='lat' dir='ltr'>testamento</span> <span class='ocrx_word' id='word_1_147' title='bbox 1862 2805 1993 2880; x_wconf 89' lang='lat' dir='ltr'>cousti-</span> 
     </span>
     <span class='ocr_line' id='line_1_16' title="bbox 386 2933 1993 3043; baseline 0.004 -29"><span class='ocrx_word' id='word_1_148' title='bbox 386 2933 505 3033; x_wconf 74' lang='lat' dir='ltr'>tuit,⁷⁷³</span> <span class='ocrx_word' id='word_1_149' title='bbox 538 2951 573 3016; x_wconf 94' lang='lat' dir='ltr'>ut</span> <span class='ocrx_word' id='word_1_150' title='bbox 604 2940 678 3016; x_wconf 93' lang='lat' dir='ltr'>libri</span> <span class='ocrx_word' id='word_1_151' title='bbox 711 2943 762 3018; x_wconf 89' lang='lat' dir='ltr'>sui</span> <span class='ocrx_word' id='word_1_152' title='bbox 786 2943 873 3015; x_wconf 88' lang='lat' dir='ltr'>iuter</span> <span class='ocrx_word' id='word_1_153' title='bbox 899 2937 1060 3015; x_wconf 85' lang='lat' dir='ltr'>Sanctum</span> <span class='ocrx_word' id='word_1_154' title='bbox 1085 2939 1285 3040; x_wconf 82' lang='lat' dir='ltr'>Dionysium</span> <span class='ocrx_word' id='word_1_155' title='bbox 1311 2950 1346 3015; x_wconf 91' lang='lat' dir='ltr'>et</span> <span class='ocrx_word' id='word_1_156' title='bbox 1370 2937 1530 3016; x_wconf 86' lang='lat' dir='ltr'>Sanctam</span> <span class='ocrx_word' id='word_1_157' title='bbox 1554 2940 1702 3016; x_wconf 88' lang='lat' dir='ltr'>hlaroum</span> <span class='ocrx_word' id='word_1_158' title='bbox 1727 2944 1762 3018; x_wconf 90' lang='lat' dir='ltr'>iu</span> <span class='ocrx_word' id='word_1_159' title='bbox 1788 2941 1993 3043; x_wconf 80' lang='lat' dir='ltr'>Conrpendio</span> 
     </span>
     <span class='ocr_line' id='line_1_17' title="bbox 389 3075 728 3180; baseline 0.012 -28"><span class='ocrx_word' id='word_1_160' title='bbox 389 3075 650 3180; x_wconf 83' lang='lat' dir='ltr'>dispertirentur.</span> <span class='ocrx_word' id='word_1_161' title='bbox 727 3119 728 3122; x_wconf 12' lang='grc' dir='ltr'><strong><em>κ</em></strong></span> 
     </span>
    </p>

    <p class='ocr_par' dir='ltr' id='par_1_4' title="bbox 380 3217 1995 4009">
     <span class='ocr_line' id='line_1_18' title="bbox 491 3217 1993 3320; baseline 0.001 -26"><span class='ocrx_word' id='word_1_162' title='bbox 491 3217 664 3294; x_wconf 84' lang='lat' dir='ltr'>Sufficiant</span> <span class='ocrx_word' id='word_1_163' title='bbox 688 3219 770 3294; x_wconf 88' lang='lat' dir='ltr'>haec</span> <span class='ocrx_word' id='word_1_164' title='bbox 795 3218 919 3294; x_wconf 87' lang='lat' dir='ltr'>diserta</span> <span class='ocrx_word' id='word_1_165' title='bbox 944 3217 1250 3318; x_wconf 18' lang='lat' dir='ltr'>illorum-ipsorum</span> <span class='ocrx_word' id='word_1_166' title='bbox 1277 3225 1466 3318; x_wconf 87' lang='lat' dir='ltr'>temporum</span> <span class='ocrx_word' id='word_1_167' title='bbox 1492 3220 1696 3302; x_wconf 86' lang='lat' dir='ltr'>testimonia:</span> <span class='ocrx_word' id='word_1_168' title='bbox 1736 3217 1898 3295; x_wconf 88' lang='lat' dir='ltr'>accedunt</span> <span class='ocrx_word' id='word_1_169' title='bbox 1921 3224 1993 3320; x_wconf 90' lang='lat' dir='ltr'>ipsa</span> 
     </span>
     <span class='ocr_line' id='line_1_19' title="bbox 383 3353 1995 3458; baseline -0.001 -24"><span class='ocrx_word' id='word_1_170' title='bbox 383 3354 555 3434; x_wconf 80' lang='lat' dir='ltr'>volumina</span> <span class='ocrx_word' id='word_1_171' title='bbox 590 3382 676 3457; x_wconf 88' lang='lat' dir='ltr'>quoe</span> <span class='ocrx_word' id='word_1_172' title='bbox 711 3357 815 3432; x_wconf 89' lang='lat' dir='ltr'>adhue</span> <span class='ocrx_word' id='word_1_173' title='bbox 839 3353 1018 3432; x_wconf 66' lang='lat' dir='ltr'>exsam&#39;t</span> <span class='ocrx_word' id='word_1_174' title='bbox 1046 3353 1159 3431; x_wconf 79' lang='lat' dir='ltr'>Caroli</span> <span class='ocrx_word' id='word_1_175' title='bbox 1184 3359 1289 3456; x_wconf 83' lang='lat' dir='ltr'>ipsias</span> <span class='ocrx_word' id='word_1_176' title='bbox 1311 3359 1411 3451; x_wconf 86' lang='lat' dir='ltr'>jussu</span> <span class='ocrx_word' id='word_1_177' title='bbox 1435 3356 1494 3433; x_wconf 87' lang='lat' dir='ltr'>vel</span> <span class='ocrx_word' id='word_1_178' title='bbox 1520 3359 1640 3454; x_wconf 85' lang='lat' dir='ltr'>rogatu</span> <span class='ocrx_word' id='word_1_179' title='bbox 1667 3360 1873 3457; x_wconf 87' lang='lat' dir='ltr'>conscripta:</span> <span class='ocrx_word' id='word_1_180' title='bbox 1908 3381 1995 3458; x_wconf 84' lang='lat' dir='ltr'>quae</span> 
     </span>
     <span class='ocr_line' id='line_1_20' title="bbox 386 3493 1994 3595; baseline 0 -25"><span class='ocrx_word' id='word_1_181' title='bbox 386 3499 465 3593; x_wconf 83' lang='lat' dir='ltr'>quin</span> <span class='ocrx_word' id='word_1_182' title='bbox 490 3518 537 3571; x_wconf 89' lang='lat' dir='ltr'>ex</span> <span class='ocrx_word' id='word_1_183' title='bbox 562 3497 618 3571; x_wconf 92' lang='lat' dir='ltr'>illa</span> <span class='ocrx_word' id='word_1_184' title='bbox 642 3496 788 3571; x_wconf 87' lang='lat' dir='ltr'>Palatina</span> <span class='ocrx_word' id='word_1_185' title='bbox 812 3496 927 3574; x_wconf 85' lang='lat' dir='ltr'>schola</span> <span class='ocrx_word' id='word_1_186' title='bbox 948 3494 1102 3595; x_wconf 85' lang='lat' dir='ltr'>proiecto</span> <span class='ocrx_word' id='word_1_187' title='bbox 1123 3494 1256 3588; x_wconf 83' lang='lat' dir='ltr'>luerint,</span> <span class='ocrx_word' id='word_1_188' title='bbox 1283 3495 1371 3570; x_wconf 91' lang='lat' dir='ltr'>haud</span> <span class='ocrx_word' id='word_1_189' title='bbox 1396 3494 1599 3570; x_wconf 90' lang='lat' dir='ltr'>dubitamus:</span> <span class='ocrx_word' id='word_1_190' title='bbox 1624 3497 1735 3592; x_wconf 86' lang='lat' dir='ltr'>itaque</span> <span class='ocrx_word' id='word_1_191' title='bbox 1761 3493 1900 3570; x_wconf 90' lang='lat' dir='ltr'>dubitari</span> <span class='ocrx_word' id='word_1_192' title='bbox 1926 3517 1994 3570; x_wconf 88' lang='lat' dir='ltr'>ue-</span> 
     </span>
     <span class='ocr_line' id='line_1_21' title="bbox 386 3632 1994 3732; baseline 0.001 -24"><span class='ocrx_word' id='word_1_193' title='bbox 386 3637 474 3732; x_wconf 87' lang='lat' dir='ltr'>quit,</span> <span class='ocrx_word' id='word_1_194' title='bbox 507 3638 542 3710; x_wconf 88' lang='lat' dir='ltr'>ia</span> <span class='ocrx_word' id='word_1_195' title='bbox 576 3633 689 3712; x_wconf 81' lang='lat' dir='ltr'>Caroli</span> <span class='ocrx_word' id='word_1_196' title='bbox 722 3637 812 3732; x_wconf 86' lang='lat' dir='ltr'>regis</span> <span class='ocrx_word' id='word_1_197' title='bbox 844 3634 971 3708; x_wconf 90' lang='lat' dir='ltr'>Palatio</span> <span class='ocrx_word' id='word_1_198' title='bbox 1006 3633 1167 3709; x_wconf 88' lang='lat' dir='ltr'>hhroram</span> <span class='ocrx_word' id='word_1_199' title='bbox 1201 3633 1243 3708; x_wconf 92' lang='lat' dir='ltr'>ad</span> <span class='ocrx_word' id='word_1_200' title='bbox 1274 3634 1412 3710; x_wconf 89' lang='lat' dir='ltr'>scholae</span> <span class='ocrx_word' id='word_1_201' title='bbox 1439 3657 1535 3710; x_wconf 89' lang='lat' dir='ltr'>usum</span> <span class='ocrx_word' id='word_1_202' title='bbox 1560 3643 1593 3708; x_wconf 90' lang='lat' dir='ltr'>et</span> <span class='ocrx_word' id='word_1_203' title='bbox 1619 3632 1662 3706; x_wconf 90' lang='lat' dir='ltr'>od</span> <span class='ocrx_word' id='word_1_204' title='bbox 1686 3632 1849 3709; x_wconf 89' lang='lat' dir='ltr'>bonarum</span> <span class='ocrx_word' id='word_1_205' title='bbox 1876 3636 1994 3710; x_wconf 85' lang='lat' dir='ltr'>artium</span> 
     </span>
     <span class='ocr_line' id='line_1_22' title="bbox 380 3769 1995 3872; baseline -0.001 -25"><span class='ocrx_word' id='word_1_206' title='bbox 380 3769 494 3847; x_wconf 69' lang='lat' dir='ltr'>&#39;studia</span> <span class='ocrx_word' id='word_1_207' title='bbox 519 3771 691 3848; x_wconf 87' lang='lat' dir='ltr'>tractanda</span> <span class='ocrx_word' id='word_1_208' title='bbox 721 3774 987 3848; x_wconf 87' lang='lat' dir='ltr'>necessariorum</span> <span class='ocrx_word' id='word_1_209' title='bbox 1015 3770 1246 3847; x_wconf 87' lang='lat' dir='ltr'>collectionem</span> <span class='ocrx_word' id='word_1_210' title='bbox 1272 3776 1350 3849; x_wconf 84' lang='lat' dir='ltr'>siue</span> <span class='ocrx_word' id='word_1_211' title='bbox 1374 3770 1607 3846; x_wconf 77' lang='lat' dir='ltr'>bibliothecam</span> <span class='ocrx_word' id='word_1_212' title='bbox 1631 3793 1740 3868; x_wconf 88' lang='lat' dir='ltr'>aeque</span> <span class='ocrx_word' id='word_1_213' title='bbox 1764 3771 1870 3848; x_wconf 84' lang='lat' dir='ltr'>lutsso</span> <span class='ocrx_word' id='word_1_214' title='bbox 1895 3783 1995 3872; x_wconf 89' lang='lat' dir='ltr'>atque</span> 
     </span>
     <span class='ocr_line' id='line_1_23' title="bbox 386 3905 1993 4009; baseline 0.001 -25"><span class='ocrx_word' id='word_1_215' title='bbox 386 3905 697 4004; x_wconf 70' lang='lat' dir='ltr'>archivium,⁷’&#39;</span> <span class='ocrx_word' id='word_1_216' title='bbox 723 3914 756 3986; x_wconf 91' lang='lat' dir='ltr'>iu</span> <span class='ocrx_word' id='word_1_217' title='bbox 782 3933 848 4006; x_wconf 85' lang='lat' dir='ltr'>qao</span> <span class='ocrx_word' id='word_1_218' title='bbox 876 3913 1129 3986; x_wconf 88' lang='lat' dir='ltr'>constitutiones</span> <span class='ocrx_word' id='word_1_219' title='bbox 1155 3909 1309 4008; x_wconf 88' lang='lat' dir='ltr'>publicae</span> <span class='ocrx_word' id='word_1_220' title='bbox 1337 3911 1468 4007; x_wconf 88' lang='lat' dir='ltr'>aliaque</span> <span class='ocrx_word' id='word_1_221' title='bbox 1493 3909 1535 3983; x_wconf 90' lang='lat' dir='ltr'>ad</span> <span class='ocrx_word' id='word_1_222' title='bbox 1561 3932 1616 3985; x_wconf 91' lang='lat' dir='ltr'>res</span> <span class='ocrx_word' id='word_1_223' title='bbox 1642 3909 1791 4008; x_wconf 89' lang='lat' dir='ltr'>publicas</span> <span class='ocrx_word' id='word_1_224' title='bbox 1812 3913 1993 4009; x_wconf 77' lang='lat' dir='ltr'>spectanda</span> 
     </span>
    </p>
   </div>
   <div class='ocr_carea' id='block_1_3' title="bbox 387 4045 931 4126">
    <p class='ocr_par' dir='ltr' id='par_1_5' title="bbox 387 4045 931 4126">
     <span class='ocr_line' id='line_1_24' title="bbox 387 4045 931 4126; baseline 0.007 -4"><span class='ocrx_word' id='word_1_225' title='bbox 387 4045 585 4125; x_wconf 87' lang='lat' dir='ltr'>documento</span> <span class='ocrx_word' id='word_1_226' title='bbox 610 4057 724 4124; x_wconf 88' lang='lat' dir='ltr'>essent</span> <span class='ocrx_word' id='word_1_227' title='bbox 747 4057 931 4126; x_wconf 76' lang='lat' dir='ltr'>asservato.</span> 
     </span>
    </p>
   </div>
   <div class='ocr_carea' id='block_1_4' title="bbox 367 4170 1997 5116">
    <p class='ocr_par' dir='ltr' id='par_1_6' title="bbox 367 4170 1997 5116">
     <span class='ocr_line' id='line_1_25' title="bbox 489 4170 1994 4284; baseline -0.001 -22"><span class='ocrx_word' id='word_1_228' title='bbox 489 4187 582 4262; x_wconf 89' lang='lat' dir='ltr'>Haec</span> <span class='ocrx_word' id='word_1_229' title='bbox 616 4188 714 4284; x_wconf 79' lang='lat' dir='ltr'>igitur</span> <span class='ocrx_word' id='word_1_230' title='bbox 747 4186 806 4263; x_wconf 88' lang='lat' dir='ltr'>luit</span> <span class='ocrx_word' id='word_1_231' title='bbox 838 4170 952 4262; x_wconf 90' lang='lat' dir='ltr'>schola</span> <span class='ocrx_word' id='word_1_232' title='bbox 985 4187 1137 4261; x_wconf 89' lang='lat' dir='ltr'>Palatina</span> <span class='ocrx_word' id='word_1_233' title='bbox 1164 4182 1277 4262; x_wconf 82' lang='lat' dir='ltr'>Caroli</span> <span class='ocrx_word' id='word_1_234' title='bbox 1304 4187 1420 4284; x_wconf 84' lang='lat' dir='ltr'>hlogni</span> <span class='ocrx_word' id='word_1_235' title='bbox 1444 4183 1553 4262; x_wconf 92' lang='lat' dir='ltr'>stadio</span> <span class='ocrx_word' id='word_1_236' title='bbox 1579 4194 1614 4260; x_wconf 91' lang='lat' dir='ltr'>et</span> <span class='ocrx_word' id='word_1_237' title='bbox 1639 4184 1773 4260; x_wconf 85' lang='lat' dir='ltr'>Alcuiui</span> <span class='ocrx_word' id='word_1_238' title='bbox 1801 4207 1906 4284; x_wconf 90' lang='lat' dir='ltr'>opera</span> <span class='ocrx_word' id='word_1_239' title='bbox 1931 4207 1994 4260; x_wconf 86' lang='lat' dir='ltr'>re-</span> 
     </span>
     <span class='ocr_line' id='line_1_26' title="bbox 385 4320 1996 4425; baseline -0.001 -25"><span class='ocrx_word' id='word_1_240' title='bbox 385 4327 554 4419; x_wconf 88' lang='lat' dir='ltr'>suscitata,</span> <span class='ocrx_word' id='word_1_241' title='bbox 581 4327 711 4425; x_wconf 89' lang='lat' dir='ltr'>optimis</span> <span class='ocrx_word' id='word_1_242' title='bbox 735 4320 1049 4425; x_wconf 75' lang='lat' dir='ltr'>praeceptoribus⁸⁰³</span> <span class='ocrx_word' id='word_1_243' title='bbox 1083 4328 1266 4420; x_wconf 87' lang='lat' dir='ltr'>instructa,</span> <span class='ocrx_word' id='word_1_244' title='bbox 1301 4325 1457 4425; x_wconf 91' lang='lat' dir='ltr'>primaria</span> <span class='ocrx_word' id='word_1_245' title='bbox 1483 4347 1545 4424; x_wconf 91' lang='lat' dir='ltr'>per</span> <span class='ocrx_word' id='word_1_246' title='bbox 1571 4321 1710 4399; x_wconf 86' lang='lat' dir='ltr'>Galliam</span> <span class='ocrx_word' id='word_1_247' title='bbox 1735 4323 1904 4399; x_wconf 89' lang='lat' dir='ltr'>literarum</span> <span class='ocrx_word' id='word_1_248' title='bbox 1930 4347 1996 4402; x_wconf 87' lang='lat' dir='ltr'>se-</span> 
     </span>
     <span class='ocr_line' id='line_1_27' title="bbox 385 4460 1996 4564; baseline 0 -26"><span class='ocrx_word' id='word_1_249' title='bbox 385 4461 464 4540; x_wconf 88' lang='lat' dir='ltr'>des:</span> <span class='ocrx_word' id='word_1_250' title='bbox 491 4473 527 4538; x_wconf 92' lang='lat' dir='ltr'>ut</span> <span class='ocrx_word' id='word_1_251' title='bbox 553 4465 609 4564; x_wconf 84' lang='lat' dir='ltr'>qui</span> <span class='ocrx_word' id='word_1_252' title='bbox 634 4461 712 4538; x_wconf 91' lang='lat' dir='ltr'>inde</span> <span class='ocrx_word' id='word_1_253' title='bbox 726 4463 946 4562; x_wconf 88' lang='lat' dir='ltr'>procederent</span> <span class='ocrx_word' id='word_1_254' title='bbox 969 4463 1137 4538; x_wconf 88' lang='lat' dir='ltr'>honarum</span> <span class='ocrx_word' id='word_1_255' title='bbox 1163 4466 1281 4538; x_wconf 91' lang='lat' dir='ltr'>artium</span> <span class='ocrx_word' id='word_1_256' title='bbox 1308 4465 1512 4538; x_wconf 89' lang='lat' dir='ltr'>institutione</span> <span class='ocrx_word' id='word_1_257' title='bbox 1538 4463 1618 4538; x_wconf 90' lang='lat' dir='ltr'>satis</span> <span class='ocrx_word' id='word_1_258' title='bbox 1641 4460 1777 4556; x_wconf 83' lang='lat' dir='ltr'>exculti,</span> <span class='ocrx_word' id='word_1_259' title='bbox 1796 4484 1861 4562; x_wconf 90' lang='lat' dir='ltr'>per</span> <span class='ocrx_word' id='word_1_260' title='bbox 1880 4465 1996 4538; x_wconf 78' lang='lat' dir='ltr'>uarios</span> 
     </span>
     <span class='ocr_line' id='line_1_28' title="bbox 384 4597 1996 4702; baseline -0.001 -25"><span class='ocrx_word' id='word_1_261' title='bbox 384 4606 481 4700; x_wconf 84' lang='lat' dir='ltr'>regni</span> <span class='ocrx_word' id='word_1_262' title='bbox 500 4601 568 4677; x_wconf 89' lang='lat' dir='ltr'>late</span> <span class='ocrx_word' id='word_1_263' title='bbox 592 4603 735 4702; x_wconf 90' lang='lat' dir='ltr'>patentis</span> <span class='ocrx_word' id='word_1_264' title='bbox 759 4603 951 4702; x_wconf 84' lang='lat' dir='ltr'>prouincias</span> <span class='ocrx_word' id='word_1_265' title='bbox 977 4602 1149 4677; x_wconf 87' lang='lat' dir='ltr'>literarum</span> <span class='ocrx_word' id='word_1_266' title='bbox 1175 4614 1367 4676; x_wconf 86' lang='lat' dir='ltr'>renatorum</span> <span class='ocrx_word' id='word_1_267' title='bbox 1388 4601 1499 4674; x_wconf 91' lang='lat' dir='ltr'>lumen</span> <span class='ocrx_word' id='word_1_268' title='bbox 1521 4597 1753 4699; x_wconf 83' lang='lat' dir='ltr'>dispergerent</span> <span class='ocrx_word' id='word_1_269' title='bbox 1777 4623 1819 4676; x_wconf 88' lang='lat' dir='ltr'>ae</span> <span class='ocrx_word' id='word_1_270' title='bbox 1845 4598 1996 4701; x_wconf 87' lang='lat' dir='ltr'>discipli-</span> 
     </span>
     <span class='ocr_line' id='line_1_29' title="bbox 367 4733 1996 4848; baseline 0.001 -34"><span class='ocrx_word' id='word_1_271' title='bbox 367 4761 501 4848; x_wconf 87' lang='lat' dir='ltr'>narum</span> <span class='ocrx_word' id='word_1_272' title='bbox 526 4739 600 4818; x_wconf 88' lang='lat' dir='ltr'>lere</span> <span class='ocrx_word' id='word_1_273' title='bbox 626 4742 861 4817; x_wconf 89' lang='lat' dir='ltr'>exstiootorum</span> <span class='ocrx_word' id='word_1_274' title='bbox 885 4739 993 4817; x_wconf 89' lang='lat' dir='ltr'>studia</span> <span class='ocrx_word' id='word_1_275' title='bbox 1020 4738 1132 4816; x_wconf 90' lang='lat' dir='ltr'>denuo</span> <span class='ocrx_word' id='word_1_276' title='bbox 1159 4738 1391 4815; x_wconf 84' lang='lat' dir='ltr'>accenderent</span> <span class='ocrx_word' id='word_1_277' title='bbox 1400 4733 1436 4784; x_wconf 73' lang='lat'>⁸¹³</span> <span class='ocrx_word' id='word_1_278' title='bbox 1488 4735 1584 4812; x_wconf 88' lang='lat' dir='ltr'>llaud</span> <span class='ocrx_word' id='word_1_279' title='bbox 1616 4736 1747 4835; x_wconf 87' lang='lat' dir='ltr'>quidem</span> <span class='ocrx_word' id='word_1_280' title='bbox 1772 4759 1912 4838; x_wconf 82' lang='lat' dir='ltr'>prorsus</span> <span class='ocrx_word' id='word_1_281' title='bbox 1936 4741 1996 4815; x_wconf 89' lang='lat' dir='ltr'>iu·</span> 
     </span>
     <span class='ocr_line' id='line_1_30' title="bbox 383 4871 1997 4980; baseline -0.002 -23"><span class='ocrx_word' id='word_1_282' title='bbox 383 4879 542 4957; x_wconf 82' lang='lat' dir='ltr'>terterant</span> <span class='ocrx_word' id='word_1_283' title='bbox 562 4877 699 4956; x_wconf 85' lang='lat' dir='ltr'>scholae</span> <span class='ocrx_word' id='word_1_284' title='bbox 717 4901 780 4979; x_wconf 90' lang='lat' dir='ltr'>per</span> <span class='ocrx_word' id='word_1_285' title='bbox 800 4877 952 4971; x_wconf 88' lang='lat' dir='ltr'>Galliam,</span> <span class='ocrx_word' id='word_1_286' title='bbox 977 4875 1230 4956; x_wconf 85' lang='lat' dir='ltr'>meridionalem</span> <span class='ocrx_word' id='word_1_287' title='bbox 1255 4871 1510 4980; x_wconf 80' lang='lat' dir='ltr'>praesertim,⁸²’</span> <span class='ocrx_word' id='word_1_288' title='bbox 1536 4899 1612 4954; x_wconf 90' lang='lat' dir='ltr'>cam</span> <span class='ocrx_word' id='word_1_289' title='bbox 1638 4876 1789 4954; x_wconf 88' lang='lat' dir='ltr'>eeclesiis</span> <span class='ocrx_word' id='word_1_290' title='bbox 1815 4873 1997 4953; x_wconf 88' lang='lat' dir='ltr'>cathcdm-</span> 
     </span>
     <span class='ocr_line' id='line_1_31' title="bbox 381 5011 1997 5116; baseline 0 -25"><span class='ocrx_word' id='word_1_291' title='bbox 381 5011 470 5094; x_wconf 87' lang='lat' dir='ltr'>libus</span> <span class='ocrx_word' id='word_1_292' title='bbox 496 5025 553 5095; x_wconf 91' lang='lat' dir='ltr'>aut</span> <span class='ocrx_word' id='word_1_293' title='bbox 577 5017 786 5098; x_wconf 85' lang='lat' dir='ltr'>monasteriis</span> <span class='ocrx_word' id='word_1_294' title='bbox 811 5019 1029 5116; x_wconf 85' lang='lat' dir='ltr'>conjunctae:</span> <span class='ocrx_word' id='word_1_295' title='bbox 1062 5014 1127 5097; x_wconf 86' lang='lat' dir='ltr'>scd</span> <span class='ocrx_word' id='word_1_296' title='bbox 1152 5039 1244 5096; x_wconf 88' lang='lat' dir='ltr'>nova</span> <span class='ocrx_word' id='word_1_297' title='bbox 1266 5017 1336 5094; x_wconf 74' lang='lat' dir='ltr'>‹hao</span> <span class='ocrx_word' id='word_1_298' title='bbox 1362 5035 1496 5115; x_wconf 84' lang='lat' dir='ltr'>quoque</span> <span class='ocrx_word' id='word_1_299' title='bbox 1521 5013 1657 5094; x_wconf 89' lang='lat' dir='ltr'>scholae</span> <span class='ocrx_word' id='word_1_300' title='bbox 1682 5015 1892 5093; x_wconf 85' lang='lat' dir='ltr'>incitamento</span> <span class='ocrx_word' id='word_1_301' title='bbox 1917 5011 1997 5092; x_wconf 87' lang='lat' dir='ltr'>iude</span> 
     </span>
    </p>
   </div>
   <div class='ocr_carea' id='block_1_5' title="bbox 0 0 2200 6053">
    <p class='ocr_par' dir='ltr' id='par_1_7' title="bbox 0 0 2200 6053">
     <span class='ocr_line' id='line_1_32' title="bbox 0 0 2200 6053; baseline 0 0"><span class='ocrx_word' id='word_1_302' title='bbox 0 0 2200 6053; x_wconf 95' lang='lat' dir='ltr'> </span> 
     </span>
    </p>
   </div>
  </div>
 </body>
</html>
