4390 6060
995 770 1021 844 7

200 983 290 1058 unde
314 982 477 1057 Alcuinus
504 978 682 1054 arcessitus
709 977 787 1072 luit,
812 975 993 1052 admodum
1020 973 1225 1051 lloruerunt:
1251 999 1335 1072 nes,
1361 980 1484 1054 ceteris
1509 981 1639 1075 missb,
1662 1003 1705 1056 ea
1730 989 1812 1057 tau·

202 1133 270 1196 tum
294 1120 518 1220 proferamus,
545 1137 633 1212 quac
659 1115 702 1189 ad
728 1115 897 1190 literarum
925 1117 1134 1213 antiquarum
1159 1112 1267 1189 studia
1288 1119 1322 1190 iu
1343 1113 1457 1192 Caroli
1478 1139 1586 1215 regno
1616 1117 1808 1196 revocanda

201 1258 401 1352 scholasque
428 1256 485 1332 vel
510 1251 737 1328 emendandas
763 1253 822 1330 vel
848 1252 1019 1349 augendas
1045 1255 1220 1351 pertinent.
1724 1359 1727 1366 Ι

303 1395 478 1487 Alcuinus,
503 1391 729 1466 Eboracensis
747 1390 938 1489 presbyter,
965 1392 1008 1468 ab
1030 1392 1202 1471 Eanbaldo
1221 1393 1496 1494 Arcbiepiscopo,
1515 1397 1569 1469 cui
1587 1395 1720 1494 pallium
1740 1397 1812 1472 im·

200 1543 363 1634 petraret,
394 1534 536 1607 Ilomam
563 1532 683 1604 missus
719 1553 819 1624 „cum
845 1539 1074 1609 reverteretur
1100 1545 1238 1634 accepto
1263 1531 1383 1632 pallio,
1418 1530 1531 1607 babuit
1555 1555 1672 1629 regem
1698 1532 1811 1610 Caro·

200 1675 269 1749 lum
294 1672 414 1746 Parma
442 1673 576 1744 civitate
603 1667 757 1744 obvium:
789 1690 886 1765 quem
913 1673 1044 1765 magnis
1072 1692 1136 1744 rex
1164 1671 1338 1768 alloquens
1364 1667 1573 1746 suasionibus
1599 1679 1633 1744 et
1656 1669 1810 1770 precibus

200 1809 392 1910 postulavit,
417 1817 453 1882 ut
478 1806 522 1881 ad
547 1829 586 1880 so
612 1816 689 1904 post
715 1775 939 1906 expletionem
966 1807 1126 1883 blissatici
1147 1811 1182 1883 in
1203 1809 1379 1883 Franciam
1395 1815 1641 1884 reverteretur:
1666 1817 1812 1886 noverat

201 1951 290 2023 enim
324 1970 420 2040 eum,
455 1948 511 2043 qui
546 1944 625 2019 olim
659 1968 680 2018 a
714 1948 876 2040 magistro
910 1968 973 2021 suo
1009 1944 1051 2021 ad
1082 1948 1188 2045 ipsam
1215 1946 1359 2022 directus
1385 1942 1537 2022 erut.“²⁵'
1590 1944 1722 2021 Accidit
1745 1945 1811 2022 boe

201 2108 318 2161 mense
339 2084 460 2159 llartie
486 2085 564 2157 anni
590 2085 875 2182 septingentesimi
902 2086 1100 2180 octogesimi
1125 2086 1239 2184 primi:
1270 2108 1336 2184 qno
1362 2095 1515 2183 tempore
1540 2079 1695 2159 caratam
1720 2084 1811 2160 Par-

201 2247 277 2300 arrae
303 2233 541 2299 commoratum
567 2244 645 2296 csse
672 2220 802 2296 aliunde
836 2223 916 2294 satis
948 2220 1117 2320 probatur.
1127 2219 1163 2270 ²⁶)
1215 2222 1378 2299 Alcninus
1404 2221 1456 2298 bis
1481 2221 1635 2321 precibus
1661 2221 1811 2300 obsecu-

204 2373 277 2457 tus,
311 2361 354 2437 ad
378 2362 539 2436 Palatium
566 2365 657 2459 regis
683 2361 860 2458 pervenit,
894 2361 950 2458 qui
983 2363 1087 2459 patris
1112 2361 1189 2436 leco
1215 2361 1395 2436 Alcuinunu
1417 2361 1615 2460 amplexus,
1649 2362 1684 2435 iu
1718 2369 1810 2438 artes
1860 2347 1863 2356 ’

200 2501 356 2578 liberales
383 2499 425 2574 ab
452 2498 572 2575 eedem
598 2497 804 2592 introductus
830 2519 909 2574 esse
935 2496 1107 2576 dicitur.²⁷'
1160 2500 1224 2591 Qui
1250 2502 1339 2576 enim
1364 2502 1400 2575 in
1422 2501 1638 2598 grammatica
1654 2496 1809 2575 discenda

200 2639 337 2714 Petrum
362 2636 537 2714 audiverat
563 2641 776 2735 magistrum,
812 2647 849 2711 ut
879 2659 980 2735 supra
1014 2637 1176 2731 diximus,
1208 2641 1242 2712 in
1277 2641 1399 2716 ceteris
1425 2635 1603 2736 disciplinis
1629 2635 1810 2712 Alculnunr

201 2776 314 2852 babuit
338 2786 602 2876 praeceptorem,
628 2773 714 2874 apud
740 2796 839 2872 quem
864 2783 900 2849 et
924 2775 1111 2850 rhetoricae
1137 2786 1171 2851 et
1196 2775 1402 2872 dialecticae,
1427 2778 1572 2874 itemque
1588 2777 1811 2851 astronomiae

203 2937 341 3014 operam
368 2914 457 2989 dedit
483 2923 655 3012 artemque
682 2913 893 3014 computandi
926 2923 961 2988 et
995 2912 1141 2988 siderum
1167 2935 1285 2992 cursus
1310 2912 1451 2991 rimandi
1476 2907 1642 2989 dimotum
1692 2909 1813 3011 Neque

202 3051 245 3126 ab
271 3075 314 3128 eo
340 3053 418 3128 inde
444 3063 613 3152 tempere,
649 3074 715 3150 quo
741 3052 905 3128 Alcuinus
930 3051 974 3127 ad
1000 3076 1119 3150 regem
1145 3063 1355 3150 accesserat,
1389 3051 1531 3129 Carolus
1558 3049 1700 3128 cundem
1725 3073 1747 3124 a
1769 3071 1811 3130 ee

90 3249 94 3260 .
202 3189 378 3267 discedere
403 3215 531 3291 passus.
548 3188 663 3268 est:²”
689 3193 837 3267 intimam
863 3215 939 3267 curn
966 3192 1113 3267 Alcuino
1140 3214 1221 3267 mox
1248 3194 1416 3268 contraxit
1442 3189 1728 3285 consuetudinem,
1753 3190 1811 3288 qul

201 3350 270 3403 nou
295 3333 330 3404 iu
355 3329 460 3405 literis
488 3328 666 3404 tractandis
693 3340 818 3405 tantum
843 3329 905 3408 sed
932 3333 966 3406 in
993 3352 1104 3406 rerum
1131 3329 1335 3430 publicarum
1360 3333 1461 3406 ctiam
1486 3327 1544 3408 vel
1564 3329 1809 3406 ecclesiastica·

201 3489 275 3539 rum
301 3491 383 3541 cura
408 3467 656 3544 sollertissimus
690 3471 766 3563 regi
790 3473 916 3544 exstitit
941 3477 1058 3543 auctor
1083 3479 1118 3544 et
1142 3491 1282 3564 suasor,
1307 3492 1389 3546 mcx
1416 3467 1534 3569 opibus
1559 3479 1594 3542 et
1617 3463 1809 3542 muneribus

201 3604 245 3679 ab
271 3604 391 3680 eodem
416 3609 461 3681 ita
488 3617 616 3702 auctus,
641 3616 677 3680 ut
703 3608 871 3706 acciperet
895 3606 962 3682 due
988 3611 1204 3701 monasteria,
1228 3607 1448 3684 Ferrarieme
1472 3617 1508 3684 et
1532 3607 1644 3683 Sancti
1668 3604 1751 3704 Lupi
1775 3606 1810 3680 iu

201 3738 360 3819 suburbio
385 3741 632 3820 Tricasstumffl‘
664 3752 765 3841 atque
791 3743 912 3821 deinde
939 3768 1059 3841 quum,
1092 3745 1253 3820 redeundi
1278 3749 1313 3820 in
1336 3748 1478 3846 patriam
1512 3748 1613 3823 venia
1638 3767 1659 3818 a
1685 3740 1810 3819 Garolo

201 3884 394 3980 impetrata,
429 3892 464 3957 ut
479 3857 533 3957 ¹ab
558 3883 725 3983 Episcopo
759 3907 822 3959 sua
857 3908 899 3958 ac
923 3906 1007 3981 rege
1033 3888 1184 3960 suante
1210 3883 1447 3978 dimitteretur,
1479 3905 1527 3958 ex
1553 3883 1721 3958 britannia
1746 3900 1809 3955 re-

200 4040 323 4095 versus
356 4025 483 4120 patriae
517 4025 551 4096 in
578 4044 677 4097 omne
704 4031 834 4121 tempus
860 4021 1097 4116 valedixisset,
1128 4024 1317 4100 Turonensi
1341 4023 1545 4098 monasterio
1572 4021 1686 4096 Sancti
1711 4017 1810 4096 tlar-

201 4157 260 4229 tini
292 4157 584 4255 praeficeretur.³'’
624 4137 820 4260 'Praecipua
854 4169 966 4236 tamen
1000 4163 1074 4255 ejus
1108 4185 1189 4236 cura
1222 4163 1258 4236 iu
1290 4159 1418 4234 Palatia
1452 4158 1600 4256 luit,'in
1633 4180 1699 4256 que
1733 4175 1809 4231 cum

201 4290 326 4368 Garolo
361 4319 422 4394 per
456 4321 590 4374 menses
624 4299 780 4375 bibemos
815 4323 836 4374 a
871 4302 959 4373 curis
993 4296 1123 4375 bellicis
1156 4299 1263 4375 libero
1296 4297 1469 4373 literarum
1502 4296 1609 4374 studia
1642 4301 1810 4386 tractaret,

201 4433 341 4530 ejusque
366 4431 449 4508 lilios
476 4459 584 4535 aeque
609 4461 651 4512 ac
674 4461 851 4537 procerum
877 4440 975 4533 regni
1000 4437 1223 4538 nobiliumque
1246 4458 1370 4536 pueros
1387 4437 1590 4511 institueret:
1615 4434 1703 4510 unde
1718 4431 1808 4508 illurn

201 4569 338 4645 schalae
363 4569 532 4649 Palatinae
558 4599 655 4674 quam
681 4600 783 4675 supra
809 4575 952 4650 diximus
978 4578 1185 4674 praelectmn
1207 4569 1450 4672 quodammodo
1470 4571 1586 4666 luisse,
1612 4587 1808 4669 quamquam

201 4704 332 4783 disertis
358 4709 472 4785 verbis
499 4712 651 4787 traditum
676 4717 829 4814 nuspiam
855 4709 1029 4807 exstat,²’‘
1062 4723 1173 4789 tamen
1198 4710 1337 4790 dubitari
1363 4715 1426 4790 vix
1450 4715 1582 4812 peterit.
1631 4707 1807 4784 Alcuinuru

202 4847 290 4920 enim
315 4870 336 4920 e
360 4846 532 4923 Britannia
571 4851 774 4929 arcessendo
808 4864 842 4928 et
875 4857 910 4928 in
946 4850 1051 4928 Gallia
1084 4849 1258 4929 retinendo
1284 4849 1318 4928 id
1345 4873 1445 4952 quam
1469 4851 1613 4926 maxime
1636 4853 1808 4946 spectasse

202 4981 335 5058 videtur
361 5007 445 5079 rcx,
472 4996 508 5062 ut
532 4985 598 5064 boc
623 4991 699 5066 vira
724 4992 871 5066 omniun
897 4990 1088 5068 doctissimo
1116 5000 1150 5066 et
1175 4992 1374 5090 peritissima
1401 4986 1516 5068 schola
1532 4985 1696 5080 Palatina,
1721 5002 1809 5084 quae
