4390 6060
1227 1039 1277 1114 18

544 1245 759 1321 Accedamus
785 1245 828 1319 ad
855 1249 1071 1342 quaestiones
1099 1268 1188 1320 anno
1215 1245 1444 1346 praeterlapso
1471 1253 1670 1346 propositas.
1789 1263 1795 1272 ·

545 1384 779 1460 Postulaverat
805 1382 891 1460 ordo
917 1381 1377 1475 Jurisconsultorum,
1403 1395 1439 1457 ut
1465 1394 1694 1483 exponeretur
1716 1383 1898 1457 differentia
1920 1382 2056 1457 stellio·

440 1532 538 1598 uatus
565 1532 598 1595 ct
626 1526 771 1596 criminis
797 1520 884 1595 iulsi.
938 1521 1013 1595 Una
1040 1521 1151 1596 oblata
1179 1530 1232 1595 cst
1259 1521 1458 1616 dissertatio,
1484 1526 1641 1621 inscripto
1669 1519 1842 1595 Ciceronis
1868 1519 2002 1594 verbis:

522 1680 642 1757 ,nuens
669 1670 704 1733 et
730 1663 859 1733 unimus
886 1669 920 1732 et
947 1659 1120 1733 consilium
1140 1669 1174 1732 et
1193 1663 1358 1733 sententio
1380 1663 1523 1734 civitatis
1544 1663 1651 1759 posita
1678 1670 1731 1734 est
1756 1663 1790 1733 in
1811 1654 1973 1756 legibus.“
2047 1703 2049 1708 ·

547 1799 642 1887 Quae
668 1801 902 1872 commentatio
929 1796 986 1871 vel
1013 1796 1056 1872 ob
1084 1821 1159 1872 cam
1186 1821 1342 1890 causum,
1376 1796 1465 1896 quod
1491 1808 1607 1872 contra
1633 1807 1753 1874 statuto
1781 1807 1895 1871 nostra
1922 1818 2056 1871 verna-

439 1937 516 2012 culo
544 1959 702 2012 sermone
729 1939 916 2035 conscripta
942 1944 1005 2028 est,
1032 1945 1101 2009 tum
1128 1957 1213 2009 vero
1241 1940 1342 2008 ctiam
1368 1934 1412 2010 oh
1439 1938 1625 2033 argumenti
1652 1939 1882 2010 tractationem
1903 1937 2054 2033 praemio

440 2078 555 2149 ornari
581 2073 670 2148 baud
695 2077 810 2173 potuit.
863 2073 994 2147 Auctor
1021 2075 1121 2167 enirn,
1148 2075 1242 2167 cujus
1269 2072 1470 2169 diligentiam
1497 2097 1538 2147 ac
1564 2073 1707 2148 studium
1729 2079 1848 2148 merito
1869 2071 2053 2167 laudamus,

439 2222 592 2287 naturum
613 2217 701 2308 juris
727 2212 905 2286 criminalis
932 2210 1023 2284 nullo
1050 2211 1150 2286 modo
1175 2216 1363 2310 perspexit,
1388 2210 1500 2284 iontes
1526 2232 1592 2285 nec
1613 2214 1698 2306 juris
1719 2214 1862 2286 Romani
1883 2233 1947 2285 nec
1966 2233 2055 2306 ger-

439 2354 563 2425 manici
597 2351 809 2450 exploravit3
844 2353 1025 2442 rationem,
1062 2371 1148 2444 quae
1175 2353 1263 2423 inter
1283 2351 1342 2444 jus
1377 2350 1476 2425 civile
1511 2361 1545 2423 et
1575 2351 1631 2444 jus
1658 2349 1829 2424 crinrinalc
1855 2353 1888 2423 in
1914 2353 2054 2424 materia

439 2489 649 2566 stellionatus
676 2499 710 2564 et
735 2488 812 2564 lnlsi
839 2490 986 2562 criminis
1012 2485 1207 2579 intercedit,
1242 2510 1311 2561 non
1337 2497 1560 2586 perscrutatus
1588 2498 1639 2563 est
1670 2509 1780 2589 neque
1813 2512 1873 2581 ea,
1900 2509 1985 2583 quae
2011 2487 2054 2562 ab

440 2627 513 2703 aliis
538 2627 756 2726 scriptoribus
782 2631 817 2700 in
843 2627 907 2700 lrac
934 2625 1085 2700 doctrino
1110 2625 1240 2723 prolata
1267 2636 1355 2719 sunt,
1380 2629 1461 2700 satis
1488 2629 1703 2702 examinavit.

544 2764 819 2840 Medicorum
847 2762 931 2838 ordo
956 2762 1044 2836 lranc
1068 2771 1229 2862 posuerat
1255 2767 1501 2859 quiaestionem:

595 2903 635 2978 ln
661 2902 765 3002 typho
792 2925 820 2976 s.
848 2901 879 2976 d.
906 2900 1106 2976 abdominoli
1140 2924 1221 2975 urea
1252 2905 1382 2996 majore
1418 2905 1512 3000 copia
1548 2925 1595 2976 ex
1622 2905 1815 2996 organismo
1850 2924 1924 2975 curn
1957 2903 2055 2975 urina

603 3040 739 3140 prodire
756 3040 854 3114 solet.
906 3037 1154 3138 ExperImentis
1174 3043 1273 3137 igitur
1295 3039 1474 3115 doceatur:
1497 3045 1650 3138 primum,
1673 3043 1708 3112 in
1729 3046 1793 3136 quo
1815 3038 1923 3115 morbi
1944 3039 2053 3116 stadio

596 3178 681 3252 haec
706 3181 852 3255 secretio
879 3188 1054 3274 augentur,
1083 3176 1224 3273 deinde,
1251 3183 1325 3275 quis
1352 3201 1429 3254 csse
1454 3180 1562 3256 soleat
1585 3177 1683 3272 bajus
1710 3181 1907 3254 secretionis
1933 3178 2054 3254 niodus

596 3320 632 3392 in
658 3316 812 3392 catarrho
838 3317 1027 3392 intestiuali.

543 3455 642 3530 Duae
669 3465 819 3554 ternpore
846 3456 997 3552 legitimo
1024 3455 1134 3531 ordini
1170 3455 1301 3531 oblatae
1332 3468 1409 3532 sunt
1435 3424 1751 3550 commentationes,
1786 3479 1924 3552 quarum
1950 3458 2054 3530 ultera

438 3597 595 3692 insignita
614 3604 666 3669 cst
686 3594 801 3670 verbis
823 3595 918 3669 Pauli
935 3595 977 3669 ud
999 3594 1215 3670 Thessalum:
1243 3595 1411 3690 ,Probata
1427 3598 1537 3670 omniu
1555 3605 1589 3668 et
1606 3598 1727 3694 optima
1745 3595 1922 3688 retineta“,
1948 3594 2054 3670 altera

439 3733 555 3811 verbis
581 3734 745 3831 Baglivii:
790 3735 912 3828 „chi
938 3734 1021 3809 Pulc
1047 3733 1121 3808 sind
1148 3737 1182 3807 in
1209 3735 1270 3808 der
1295 3733 1457 3809 bledicin:
1494 3735 1547 3808 dic
1572 3734 1739 3807 Vernunit
1765 3733 1830 3807 und
1858 3733 1912 3808 dic
1937 3733 2055 3809 Bcch-

439 3871 603 3968 acbtnng3
639 3871 693 3946 die
727 3871 967 3968 beobachtung
1002 3869 1085 3946 aber
1120 3875 1163 3945 ist
1199 3870 1259 3945 der
1294 3873 1427 3966 Faden,
1461 3872 1547 3947 nach
1580 3871 1747 3948 welchem
1779 3871 1832 3947 dic
1862 3873 2054 3948 chunit·

438 4010 592 4087 scblttssc
620 4010 679 4083 des
705 4009 830 4084 Aretes
857 4010 927 4084 sich
953 4006 1117 4085 richten.“

544 4146 675 4222 Auctor
702 4153 1000 4239 commentationis,
1028 4153 1082 4222 cui
1100 4151 1197 4243 signo
1215 4159 1291 4222 sunt
1308 4148 1415 4223 verba
1432 4147 1524 4220 Pauli
1542 4147 1710 4247 Apostoli,
1735 4153 1787 4224 rei
1812 4153 1892 4224 citra
1920 4145 2055 4224 dubium

316 4299 319 4306 ’
438 4309 594 4382 magnam
618 4284 751 4384 quidem
771 4291 911 4362 navavit
934 4309 1073 4385 operum
1095 4297 1194 4384 atque
1216 4287 1460 4379 assiduitatcm3
1488 4295 1540 4359 ast
1563 4289 1597 4360 in
1624 4286 1842 4381 instituendis,
1869 4287 1984 4384 quibus
2010 4285 2054 4362 ad

437 4445 579 4522 scopum
622 4424 807 4522 proclixum
849 4423 1092 4522 assequendum
1136 4423 1325 4519 indigebat,
1361 4425 1670 4522 investigationibus
1705 4448 1774 4498 non
1806 4449 1869 4522 ca,
1902 4450 1965 4523 qua
1991 4449 2054 4525 per

438 4567 525 4653 crat,
552 4585 632 4636 usus
660 4573 713 4638 est
739 4563 885 4638 sollertia
912 4574 947 4638 ct
972 4567 1280 4663 circumspectione.
1334 4560 1460 4636 Calculi
1481 4567 1580 4656 enirn,
1608 4587 1691 4662 quos
1710 4563 1866 4662 turnulyses
1883 4563 2054 4639 chemicae

438 4697 481 4772 ab
508 4721 553 4776 co
578 4709 756 4800 susceptae
781 4700 1045 4801 suppeditarunt,
1079 4705 1226 4776 maxima
1252 4724 1298 4775 ex
1323 4712 1418 4800 parte
1445 4725 1465 4775 a
1492 4701 1624 4776 calculis
1650 4701 1693 4776 ob
1719 4701 1791 4776 aliis
1818 4701 2054 4778 observatori-

323 4855 326 4862 ·
437 4836 502 4912 bus
528 4837 592 4912 buc
619 4842 652 4912 in
679 4838 941 4936 reducasque
969 4839 1112 4916 obtentis
1141 4851 1315 4940 tantopere
1342 4839 1505 4933 dilleront,
1531 4849 1566 4914 ut
1593 4863 1754 4914 sumnuum
1780 4863 1848 4916 non
1864 4843 2054 4940 possitnon

437 4980 572 5052 moveri
607 4974 762 5071 dubium,
797 5001 841 5051 on
876 4981 917 5051 iis
951 4976 1104 5053 babendo
1139 4981 1183 5052 sit
1216 4976 1309 5054 fides.
1362 4977 1580 5053 Nihilominus
1613 4987 1722 5052 nmen
1757 5000 1821 5052 nec
1854 4978 2053 5055 dibereutias

438 5110 541 5190 busca
575 5114 661 5190 adeo
697 5119 847 5214 insignes
882 5140 957 5191 cum
991 5116 1162 5192 litcmtura
1195 5115 1260 5192 huo
1292 5125 1464 5215 spectante
1491 5119 1716 5216 comparavit,
1751 5137 1815 5191 nec
1849 5132 1964 5190 earum
1990 5115 2054 5192 sibi

439 5249 585 5329 reddero
612 5259 753 5331 tentavit
778 5258 953 5332 ratonem.
1005 5255 1147 5330 Tantum
1170 5253 1276 5350 abest,
1302 5266 1348 5349 ut,
1375 5278 1472 5353 quarn
1494 5257 1528 5328 in
1550 5254 1860 5351 investigationibus
1880 5257 1950 5332 suia
1970 5275 2054 5332 scc-
