4390 6060
1195 807 1273 884 10-

415 1021 539 1098 inducit
563 1021 760 1116 loqucntes,
795 1017 861 1112 quo
886 1015 987 1091 inodo
1015 1026 1049 1091 ct
1075 1015 1194 1116 quibus
1219 1016 1377 1114 gradibus
1404 1015 1447 1090 ad
1472 1016 1731 1116 philosophiam,
1766 1039 1852 1116 qnae
1877 1020 2024 1093 omniurn

414 1163 573 1236 uirtutum
599 1161 642 1232 sit
667 1158 844 1251 magistra,
875 1153 1033 1228 adscendi
1067 1163 1185 1250 queat:
1220 1165 1380 1253 septenos
1415 1175 1494 1228 esso
1528 1153 1653 1250 gradus
1686 1155 1828 1230 ostendit
1853 1159 2024 1252 magister,

415 1317 478 1396 per
503 1316 588 1392 quos
614 1293 658 1368 nd
683 1294 801 1367 altiora
825 1291 1048 1390 spectantibus
1075 1296 1117 1366 sit
1141 1291 1399 1366 transcundum:
1427 1290 1774 1388 Grammaticam,
1800 1293 2024 1369 Rhetori-

416 1457 519 1526 cam,
544 1432 856 1522 Dialecticam,
883 1428 1237 1522 Aritbmeticnm,
1264 1428 1577 1523 Geometriam,
1602 1430 1826 1526 llusicam,
1851 1429 2024 1508 Astro-

415 1570 596 1667 logiam.
649 1570 718 1645 llas
744 1571 844 1666 igitur
870 1567 1080 1666 disciplinaS,
1107 1588 1193 1663 quac
1219 1571 1327 1641 omnis
1354 1568 1480 1642 altioris
1507 1567 1701 1642 cruditionis
1727 1593 1768 1642 ac
1793 1591 1906 1644 rerum
1932 1570 2025 1646 diui-

416 1731 535 1782 narum
569 1711 766 1804 cognitionis
800 1705 1048 1780 tundamentum
1082 1702 1319 1797 enniteanaffl
1353 1708 1389 1780 in
1421 1703 1538 1782 schola
1567 1705 1717 1780 Palatina
1759 1705 1843 1780 duce
1875 1706 2023 1781 Alcuino

416 1867 495 1921 csse
528 1853 686 1920 tractatas
720 1847 800 1919 satis
834 1843 911 1918 inde
945 1853 1035 1944 patet
1069 1841 1271 1940 easdemque
1307 1844 1405 1917 etiam
1438 1842 1481 1916 ab
1515 1847 1588 1940 ipso
1616 1840 1739 1917 Garolo
1771 1847 1918 1918 niaximo
1943 1844 2024 1922 loco

416 1983 544 2058 liabitas
571 2005 649 2058 csso
673 1982 732 2058 uel
756 2004 803 2055 ex
829 2004 871 2056 eo
898 1983 1125 2077 cognoscitur,
1152 1980 1243 2080 quod
1268 1986 1303 2057 in
1328 1975 1456 2056 Palatio
1474 1981 1742 2080 Aquisgranensi
1759 2007 1779 2055 a
1796 2004 1836 2057 sa
1852 1993 2025 2058 exstructo

417 2144 488 2196 non
511 2121 620 2198 solum
645 2117 744 2213 bella,
769 2141 855 2216 qnae
876 2124 911 2195 in
930 2121 1088 2219 Hispania
1113 2123 1238 2216 gessit,
1269 2117 1331 2193 scd
1352 2129 1493 2218 septem
1519 2122 1618 2193 edam
1644 2129 1733 2194 artes
1759 2118 1915 2196 liberales
1939 2123 2025 2195 toti-

417 2257 495 2333 dem
521 2258 637 2354 figuris
663 2259 793 2359 depingi
813 2254 973 2354 jussitt⁴⁸'
1009 2260 1129 2356 quippe
1163 2277 1247 2353 quas
1282 2279 1348 2331 nex
1372 2260 1408 2331 in
1432 2280 1497 2332 suo
1523 2256 1649 2331 Palatio
1676 2257 1742 2331 coli
1767 2269 1865 2356 atque
1890 2261 2026 2333 tractari
2090 2285 2092 2292 ·

418 2396 535 2472 uoluit.
585 2396 762 2472 Accedunt
788 2417 920 2492 quoque
946 2397 1092 2468 carmina
1117 2393 1203 2468 illius
1231 2398 1367 2489 aetatis,
1404 2395 1522 2491 quibus
1555 2405 1685 2493 septem
1709 2396 1786 2470 illae
1812 2405 1901 2470 artes
1927 2396 2027 2470 celc-

417 2531 610 2630 brantur,⁴⁹'
638 2534 746 2608 addita
779 2533 866 2609 adeo
900 2530 1053 2606 medendi
1086 2527 1213 2627 arte,⁵⁰‘
1241 2557 1340 2631 quant
1368 2531 1510 2608 candem
1535 2537 1570 2607 in
1595 2532 1721 2607 Palatio
1749 2543 1921 2608 tractatam
1947 2557 2025 2612 osse

418 2672 640 2770 intelligimus.

524 2808 841 2903 Grammatico,
875 2819 911 2882 ut
935 2807 1011 2884 inde
1038 2807 1217 2904 exordiar,
1252 2807 1422 2907 quomodo
1449 2818 1588 2883 tractata
1613 2813 1677 2904 sit,
1711 2811 1791 2884 satis
1817 2817 1954 2909 apparet
1979 2835 2028 2887 ex

417 2946 552 3022 Alcuitri
577 2947 710 3046 dialogo
737 2945 780 3021 de
805 2943 1083 3045 grammaticaz⁵⁰
1110 2969 1176 3042 quo
1202 2946 1313 3021 libello
1342 2948 1452 3020 omnia
1478 2944 1629 3021 breuiter
1654 2946 1850 3042 indicantur,
1876 2969 1961 3046 quaa
1983 2947 2026 3023 ad

417 3086 506 3161 baruc
530 3097 636 3163 artem
661 3089 828 3185 pertinere
853 3083 1069 3183 putabantur:
1104 3081 1310 3160 breviarium
1335 3089 1421 3175 sive,
1457 3094 1492 3158 ut
1517 3108 1607 3159 nunc
1630 3084 1828 3184 loquuntur,
1861 3109 2029 3186 compen-

418 3222 509 3298 dium
535 3224 660 3300 dixeris
687 3227 765 3300 artis
790 3225 1028 3321 grammaticae
1054 3224 1168 3321 pueris
1193 3221 1414 3317 ediscendae,
1440 3232 1476 3296 ut
1502 3227 1674 3320 quaerenti
1698 3227 1858 3321 magistro
1884 3221 1927 3298 de
1951 3227 2030 3302 sin-

346 3333 347 3338 *
416 3361 506 3460 gulis
531 3359 739 3462 respondere
763 3371 909 3462 possent.
961 3360 1144 3435 ADonati
1166 3370 1266 3457 atque
1286 3361 1450 3437 Prisciani
1458 3357 1492 3407 ⁵²³
1519 3360 1612 3435 libris
1634 3363 1783 3462 prolecta
1804 3361 1888 3438 baec
1907 3387 2029 3461 gram-

416 3503 537 3575 matica
562 3509 691 3598 partem
718 3502 974 3600 etpnnologicam
1000 3522 1099 3597 quam
1125 3521 1187 3573 nos
1215 3498 1352 3575 dicimus
1388 3500 1619 3599 complectitur
1652 3501 1868 3598 singulasque
1891 3503 2029 3598 regulas

417 3635 553 3713 exhibet
587 3637 750 3734 exenrplis
782 3660 828 3712 ex
860 3638 1059 3738 optimorum
1084 3660 1290 3736 quorumque
1321 3643 1523 3738 scriptorum
1549 3638 1632 3715 orbe
1659 3638 1839 3739 depronrtis
1864 3639 2029 3716 firmatas:

417 3777 624 3854 Priscianam
659 3801 792 3878 quoque
817 3783 964 3880 inprimis
991 3785 1141 3880 sequitur
1166 3780 1328 3856 Aletrinus
1354 3784 1389 3854 in
1414 3781 1501 3856 libro
1529 3782 1570 3856 dc
1597 3781 1895 3882 Ortbograpbia,⁵⁸’
1930 3807 2029 3882 quern

418 3917 454 3990 in
479 3915 668 3991 scholarum
694 3941 790 3992 usum
815 3923 1029 4020 conseripsit,
1055 3941 1099 3993 ne
1125 3919 1191 3993 ulla
1217 3923 1454 4017 grammaticae
1481 3919 1672 4020 disciplinae
1696 3943 1777 4021 pars
1802 3925 2031 4022 protermitte-

417 4061 529 4128 retur:
555 4052 642 4128 hanc
667 4057 755 4130 eninr
781 4067 885 4131 artem
911 4061 954 4151 ci,
982 4059 1038 4155 qui
1063 4066 1158 4131 recte
1183 4057 1332 4132 scribere
1358 4067 1392 4131 et
1419 4056 1533 4132 dicere
1554 4061 1647 4155 velit,
1674 4083 1781 4157 aeque
1803 4063 2030 4136 necessariam

418 4211 498 4266 esso
530 4190 795 4270 existimabatur
857 4193 1013 4270 ceterum
1056 4218 1130 4270 cam
1173 4193 1236 4271 bac
1274 4199 1512 4292 grammaticae
1544 4201 1625 4272 artis
1661 4200 1855 4274 tractatione
1890 4196 2030 4274 dubitari

418 4331 533 4428 nequit
559 4332 769 4425 conjunctam
794 4330 898 4408 luisse
923 4343 1078 4409 ueterum
1104 4335 1304 4432 scriptorum
1330 4335 1560 4411 Romanorum
1584 4311 1779 4432 lectionem,
1803 4360 1867 4436 qun
1894 4335 1937 4411 ad
1961 4335 2031 4412 bo-

417 4489 494 4541 rnm
528 4471 727 4568 scriptorum
760 4469 959 4568 elegantiam
992 4473 1028 4547 in
1063 4470 1203 4546 dicendo
1239 4481 1273 4546 et
1307 4471 1508 4569 scribendo,
1544 4485 1698 4571 qnantum
1731 4475 1766 4551 id
1799 4474 1872 4551 lteri
1903 4484 2032 4576 posset,

418 4603 620 4679 accederent
645 4609 846 4704 omninoque
870 4630 911 4685 sc
937 4608 979 4683 nd
1004 4610 1138 4685 illorum
1170 4612 1378 4712 exemplaria
1412 4612 1683 4709 conformarent,
1715 4612 1802 4689 adeo
1829 4616 1924 4691 utin
1949 4636 2031 4690 ser-

417 4744 527 4817 monis
560 4741 666 4817 latiai
701 4748 842 4842 puritate
877 4770 919 4820 nc
943 4750 1182 4824 sententiarum
1209 4749 1374 4848 elegantia
1401 4761 1556 4827 ueterem
1581 4751 1724 4828 Romam
1752 4753 1860 4829 denno
1886 4775 2032 4853 reprac-

418 4889 589 4955 sentarent
614 4878 831 4981 ejusdemque
865 4883 972 4960 studia
1005 4887 1041 4962 in
1073 4909 1168 4964 novo
1195 4886 1307 4963 Caroli
1333 4888 1450 4985 llagni
1475 4893 1615 4990 imperio
1642 4892 1795 4969 Romano
1820 4894 2031 4968 renascentia

418 5015 629 5116 praeberent,
655 5018 876 5117 Virgilium⁵⁵'
904 5033 980 5100 rante
996 5028 1119 5124 onnia,
1142 5025 1308 5125 Ovidium,
1329 5027 1516 5128 lloratium,
1533 5026 1782 5128 Terentium,‘⁸’
1799 5029 1882 5108 alios
1902 5039 2032 5132 poetas,
