4390 6060
884 947 935 1022 27

110 1159 438 1246 (ubiPaleiiimentie
450 1155 483 1216 lit
496 1153 601 1216 eodem
616 1148 727 1233 sensu).
757 1153 945 1232 Hocpneros
959 1152 1103 1231 palatinos
1117 1148 1412 1230 quatuordecim
1424 1149 1472 1212 vel
1486 1148 1708 1230 quindecim

108 1276 199 1336 terna
219 1287 358 1332 annorum
380 1270 487 1344 luisse,
518 1266 655 1344 colligere
684 1265 756 1326 mihi
784 1284 874 1345 posse
896 1265 998 1328 videor
1019 1282 1036 1327 s
1058 1263 1175 1342 dialogo
1195 1266 1278 1343 pueri
1298 1262 1459 1325 Franconls
1481 1269 1511 1324 et
1530 1261 1655 1324 Sassula
1676 1265 1707 1325 in

108 1385 224 1447 Alcuini
245 1383 320 1461 Opp.
341 1380 376 1440 Τ.
398 1378 438 1440 11.
460 1397 491 1458 p.
514 1379 590 1440 288.

195 1489 247 1574 31)
270 1492 467 1570 sangallensis
489 1491 654 1551 Monachus
675 1488 696 1550 i.
718 1507 809 1568 supra
830 1488 865 1549 i.:
889 1488 968 1568 ,Qui
990 1482 1153 1572 (Aleuinus)
1177 1489 1281 1548 eratin
1303 1489 1383 1549 omni
1402 1486 1553 1549 latitudine
1573 1485 1709 1567 Scriptu-

108 1627 206 1671 rarum
226 1624 314 1684 supra
336 1611 447 1665 eeteros
469 1602 677 1664 modernorum
699 1609 864 1679 temporum
886 1605 1077 1678 exercitatus,
1106 1607 1206 1679 utpote
1232 1599 1389 1679 discipulus
1420 1600 1578 1662 doctissimi
1596 1599 1708 1680 Bodas,

108 1718 271 1799 peritissimi
298 1723 366 1796 post
394 1715 536 1776 Sanctum
566 1714 742 1792 Gregorium
772 1712 966 1775 tractatoris!¹
1018 1712 1178 1775 Guilelmus
1207 1711 1397 1774 blalmcshur.
1425 1712 1487 1775 l.l.
1517 1717 1601 1791 ,erat
1629 1715 1708 1775 enlm

110 1824 273 1914 (Alcuinus)
295 1831 424 1889 omnium
445 1826 626 1905 Anglerum,
650 1844 724 1904 qnos
747 1826 866 1904 quidem
886 1827 1023 1906 legerim,
1045 1833 1113 1904 post
1131 1823 1252 1886 beatum
1272 1824 1428 1886 Adelmnm
1450 1831 1480 1886 et
1498 1823 1613 1886 Bedam
1634 1821 1710 1886 doc-

110 1946 237 2004 tissimus
265 1940 419 2030 multisque
447 1939 527 2000 libris
562 1941 672 2017 ingenii
700 1939 862 2017 perieulum
892 1937 990 2000 lecit.i
1039 1937 1106 2000 Alia
1134 1935 1192 1998 vid
1222 1939 1253 1998 ln
1280 1935 1460 1998 Ι1111111111.
1489 1938 1598 2016 scripti.
1629 1935 1708 2015 apud

109 2054 234 2116 Froben.
257 2051 333 2130 Opp.
355 2051 469 2112 eileuiui
492 2049 517 2111 I.
537 2068 568 2130 p.
591 2050 830 2129 LXXVIIIsqq.

196 2158 250 2246 95)
271 2162 372 2224 Tradit
392 2162 467 2224 hoec
490 2161 597 2223 diserte
619 2161 782 2224 Monachus
805 2161 1007 2242 sangallensis
1027 2160 1047 2224 l.
1067 2161 1088 2224 l.
1484 2241 1486 2246 Ι

195 2272 247 2358 96)
269 2274 335 2336 wc
349 2274 513 2335 Monachus
527 2272 728 2353 sangallensis
740 2272 759 2333 1.
772 2273 792 2334 l.
821 2274 890 2352 lpse
907 2273 1049 2336 Alcuinns
1063 2275 1153 2353 Epist.
1166 2277 1204 2335 71
1222 2292 1253 2353 p.
1270 2275 1330 2335 102
1350 2273 1389 2334 ad
1403 2272 1539 2335 Carolum
1553 2272 1660 2352 scribit,
1682 2273 1708 2333 si

109 2391 200 2468 ipsius
222 2388 347 2450 studium
368 2386 485 2466 plurimi
506 2393 715 2467 sequerentur,
745 2388 823 2465 tere,
848 2395 887 2446 nt
909 2387 1030 2465 ,lorsan
1058 2385 1191 2449 Athenas
1219 2404 1298 2448 nora
1319 2385 1505 2464 perficeretur
1526 2387 1556 2446 ln‘
1575 2384 1710 2464 lbancla,
1739 2417 1741 2420 ·

109 2504 198 2563 immo
219 2499 308 2561 multe
330 2498 531 2578 excellentior,
555 2501 624 2578 quis
644 2499 719 2561 haec
742 2498 848 2561 Christi
869 2499 991 2560 Domini
1012 2499 1161 2560 nobilitate
1189 2500 1357 2578 magisterio
1378 2515 1495 2560 ornnem
1511 2497 1709 2561 Academicos

111 2613 320 2674 exercitationis
341 2617 461 2688 superat
482 2609 679 2672 sentcntiam‘
701 2617 759 2674 etc.

83 2761 86 2768 ι
197 2717 249 2804 37)
271 2722 356 2802 Quod
384 2725 404 2783 ii
431 2725 619 2802 potissimum
647 2726 778 2802 iaciunt,
808 2727 858 2804 qui
886 2723 963 2786 hanc
991 2722 1122 2786 scholam
1150 2740 1175 2784 s.
1202 2723 1395 2785 Academiam
1423 2724 1508 2784 certis
1535 2720 1650 2801 legibus
1678 2727 1710 2784 ct

109 2837 245 2896 institutis
266 2836 513 2914 circumscriptam
535 2855 572 2898 ac
594 2835 742 2898 delinitam
764 2837 883 2898 Parisiis
914 2838 1059 2899 exstitisse
1089 2835 1267 2900 contendunt
1292 2835 1417 2913 indeque
1438 2833 1512 2896 adeo
1532 2819 1708 2896 Parieiensls

108 2944 319 3026 Unircrsitatis,
342 2964 418 3027 quun
440 2947 528 3026 longe
550 2957 619 3027 post
641 2949 739 3011 Coreli
760 2955 888 3011 11111111
910 2949 1028 3011 demum
1049 2949 1150 3012 llorere
1172 2951 1316 3028 incoepit,
1346 2949 1472 3027 origines
1492 2953 1640 3025 repetunt:
1670 2947 1709 3011 de

110 3076 234 3139 qnorum
255 3061 390 3138 opinione
412 3060 470 3120 rid.
500 3059 628 3122 Froben.
655 3062 687 3121 in
716 3060 912 3124 Commentnt.
950 3062 998 3124 De
1020 3065 1070 3124 vit
1092 3061 1208 3123 Alcuini
1230 3063 1257 3133 §.
1281 3061 1332 3122 92.
1375 3059 1549 3122 Geschichte
1570 3059 1599 3121 d.
1621 3059 1708 3122 Rdm.

108 3170 165 3233 Lit.
187 3175 227 3231 im
248 3169 398 3251 Erroling.
419 3173 558 3233 Zeitelter
580 3175 608 3245 §.
634 3173 663 3234 0.
686 3180 747 3235 not.
771 3174 800 3235 9.
845 3174 987 3255 Gaillard,
1009 3174 1136 3236 llisteirc
1159 3174 1195 3235 de
1210 3173 1422 3252 Chnrlcmague
1442 3171 1495 3234 lIL
1516 3191 1546 3252 p.
1571 3171 1633 3233 160
1643 3189 1709 3252 sqq.

109 3285 171 3344 261
184 3301 249 3362 sqq.
269 3284 341 3344 278.
384 3285 531 3364 Ampbre,
553 3285 630 3347 Ilist.
651 3286 724 3347 liter.
747 3286 784 3348 ds
805 3285 836 3348 la
856 3286 970 3350 Frnnce
992 3294 1082 3348 arant
1102 3287 1129 3348 lc
1149 3285 1211 3348 XII
1233 3285 1321 3348 sibelc
1342 3284 1394 3347 111.
1416 3302 1445 3366 p.
1469 3285 1519 3346 29.
1557 3282 1708 3365 linurdsu,

111 3393 318 3474 Charlcmngne
341 3388 427 3458 1111
449 3415 520 3458 conr
541 3415 571 3478 p.
597 3400 655 3459 171
670 3416 735 3477 sqq.
758 3399 824 3461 coll.
845 3418 876 3479 p.
900 3401 940 3461 57
953 3417 1018 3480 sqq.

196 3503 248 3589 38)
270 3507 461 3587 Conqueritur
482 3509 625 3571 hicuimra
657 3510 693 3572 de
724 3510 847 3572 diversis
869 3513 1003 3574 itinerum
1024 3511 1178 3592 molestiis,
1207 3511 1313 3591 quibus
1342 3528 1375 3573 ee
1405 3511 1521 3590 latigarl
1549 3507 1650 3571 scribit
1677 3510 1710 3570 ln

109 3619 235 3681 Praelst.
257 3619 295 3681 ad
316 3609 489 3700 Interrog'st.
511 3629 541 3682 et
562 3621 710 3701 Rcspous.
732 3625 762 3684 in
784 3623 848 3685 libr.
871 3623 978 3686 Genea.
999 3625 1023 3686 1.
1043 3643 1073 3704 p.
1097 3624 1158 3686 301
1182 3624 1228 3686 ed.
1250 3622 1339 3686 Freb.
1361 3622 1439 3685 Add.
1458 3623 1550 3703 Epist.
1575 3621 1603 3682 5.
1625 3638 1654 3702 p.
1676 3621 1707 3682 8.

109 3747 185 3810 quse
206 3732 275 3792 mihi
296 3736 403 3811 scripta
425 3733 539 3796 ridetur
560 3754 621 3797 non
642 3735 731 3814 longe
751 3744 857 3814 postea
879 3755 969 3816 quam
990 3736 1028 3798 ad
1050 3735 1146 3798 Caroli
1166 3735 1267 3798 aulam
1288 3741 1469 3814 accesseram
1489 3735 1582 3813 Epist.
1605 3735 1646 3795 29
1668 3731 1708 3795 ad

108 3843 258 3905 11111111
279 3844 348 3905 duta
369 3852 399 3907 et
421 3846 513 3925 Epist.
538 3849 590 3909 51.
614 3849 654 3910 53
678 3849 715 3911 de
737 3849 904 3927 itineribus,
926 3866 1003 3928 quae
1025 3846 1063 3910 nd
1083 3847 1229 3910 Palatium
1250 3857 1401 3928 spectant,
1429 3849 1557 3928 loquitor
1585 3843 1709 3908 similem

108 3957 139 4016 ln
159 3955 290 4035 medum,
323 3960 450 4037 itemque
476 3960 569 4038 Epist
596 3962 658 4022 151
688 3958 792 4044 (,quia
821 3979 882 4023 nen
909 3965 1033 4023 occurrit
1061 3960 1171 4023 nobis
1193 3963 1270 4023 iter
1293 3960 1501 4041 egentibus
1527 3958 1614 4040 plura
1635 3957 1711 4018 seri·

107 4061 222 4147 bere‘),
243 4069 333 4147 Epist
358 4071 432 4132 179.

195 4174 247 4259 39)
270 4181 394 4244 Froben.
416 4187 446 4244 in
468 4183 662 4246 Commentet.
686 4185 723 4246 de
745 4185 862 4247 hicuiui
884 4185 1058 4259 1111999
1081 4192 1111 4248 11
1123 4189 1281 4267 praecipue
1296 4193 1430 4248 auctores
1445 4185 1558 4264 operlse
1578 4182 1710 4246 Entolre

107 4290 180 4355 liter.
203 4291 240 4354 de
260 4293 290 4354 la
309 4294 432 4357 France.
453 4295 490 4359 T.
511 4297 563 4357 lV.
585 4315 615 4376 p.
640 4299 690 4359 10.
724 4298 865 4378 Gnilinrd,
887 4299 1017 4362 llistoire
1038 4299 1074 4361 de
1096 4297 1310 4378 Chariemagne
1331 4298 1384 4360 nt
1404 4316 1435 4377 p.
1458 4297 1531 4359 280.

195 4399 248 4486 10)
270 4405 334 4466 Vid.
357 4414 419 4469 not.
441 4409 492 4470 87.

195 4512 248 4597 11)
270 4517 316 4579 De
336 4518 394 4582 hec
415 4519 481 4581 loco
505 4523 617 4599 cogitet
637 4521 685 4582 Fr.
708 4521 830 4585 Oehclre
850 4521 899 4584 De
921 4523 1082 4586 Academia
1104 4522 1200 4586 Caroli
1213 4523 1315 4603 lingui
1338 4519 1470 4606 (hachen
1487 4514 1581 4603 1817)
1602 4538 1633 4600 p.
1658 4521 1709 4584 11.

107 4632 229 4709 liquis
236 4649 390 4708 granum
413 4650 532 4712 quoque
553 4633 623 4694 inde
643 4633 763 4714 intelligi
785 4633 889 4696 volunt
908 4636 939 4696 in
960 4635 1106 4716 IIclpericl
1128 4639 1255 4698 carmine
1284 4633 1333 4719 (ei.
1354 4641 1415 4695 not.
1438 4628 1502 4717 tt.)
1524 4651 1567 4695 rs.
1589 4632 1632 4694 91
1642 4646 1707 4712 sqq.

108 4743 160 4804 nbi
182 4741 317 4822 ,lionrs
338 4742 533 4805 secunda“
557 4743 729 4808 celebratur.

195 4849 249 4936 12)
270 4851 302 4915 st
324 4853 496 4916 Carnlorum
518 4857 650 4937 Regcsta
670 4859 709 4920 ab
738 4858 788 4921 Jo.
810 4859 888 4920 Erid
917 4859 1081 4922 Beehmere
1110 4861 1285 4922 concinnata
1307 4857 1498 4944 (Francoiurt.
1523 4848 1709 4937 1893))111·

108 4965 280 5046 lustremus,
311 4963 447 5029 Carolum
476 4975 609 5048 ternpore
638 4973 797 5033 nativitatis
827 4969 936 5034 Christi
964 4976 995 5035 ln
1022 4973 1254 5052 liquisgranensl
1273 4971 1388 5034 Palatio
1411 4975 1620 5034 commoratum
1641 4980 1709 5028 esse

109 5077 273 5139 invenimus
295 5095 363 5143 ann.
388 5081 459 5141 788.
486 5082 558 5144 791.
586 5084 660 5144 795.
683 5085 755 5145 798.
779 5084 852 5146 798.
883 5086 956 5146 799.
979 5086 1039 5146 802
1068 5086 1195 5163 tumque
1223 5101 1326 5147 mensa
1353 5083 1434 5162 blojo
1462 5100 1528 5144 ann.
1550 5077 1624 5142 795.
1666 5076 1711 5140 at

108 5204 180 5250 rere
205 5187 326 5251 Carolus
344 5189 410 5268 jam
429 5191 499 5255 inde
520 5194 560 5258 ah
582 5213 661 5258 anno
684 5197 745 5259 781
769 5199 926 5261 arctiorem
944 5195 1021 5260 hanc
1042 5213 1109 5260 cum
1120 5195 1246 5261 Alcuiuo
1267 5203 1450 5260 contraxerat
1471 5189 1709 5260 cosuetudinem
