4524 6054
1014 817 1037 888 5

224 1025 303 1098 illa
328 1015 591 1113 Palatina,⁹‘
628 1043 713 1118 quae
745 1019 806 1096 sub
834 1017 958 1096 carolo
983 1019 1109 1117 Magno
1137 1021 1278 1120 ejusque
1304 1021 1555 1097 successoribus
1581 1031 1707 1096 tautum
1733 1021 1844 1098 efflo-.

223 1151 306 1253 ruit,
341 1171 377 1235 ut
411 1163 558 1234 omnium
592 1157 753 1233 bonarum
787 1162 906 1268 artium
940 1161 1153 1232 seminarium
1187 1162 1307 1233 merito
1343 1160 1503 1257 appellari
1537 1163 1653 1260 possit
1714 1158 1846 1256 Neque.

222 1322 305 1375 saue
339 1300 411 1372 aliis
445 1298 614 1371 literarum
645 1295 767 1370 scholis
798 1296 854 1370 illa
889 1304 998 1369 aetate
1033 1297 1168 1370 omniuo
1196 1297 1301 1370 caruit
1327 1293 1490 1390 Gallio,¹⁰'
1518 1295 1561 1370 ad
1588 1297 1731 1373 clericos
1757 1296 1846 1372 ior-.

223 1436 359 1510 mundos
380 1439 452 1529 jam
478 1444 575 1509 antea
602 1433 739 1508 conditis
766 1444 800 1507 et
825 1434 1020 1532 plerumque
1047 1436 1231 1528 conjunctis
1259 1457 1335 1507 cum
1353 1433 1444 1529 ,sede
1470 1434 1668 1508 cathedrali:
1695 1435 1730 1507 iu
1757 1437 1847 1532 qui·.

223 1573 285 1648 bus
311 1573 433 1648 scholis
460 1582 588 1670 septem
615 1572 687 1645 illas
723 1571 910 1669 disciplinas
944 1571 1128 1646 secundum
1153 1570 1354 1645 biartianum
1382 1571 1551 1670 Capellam
1586 1571 1722 1647 tmditas
1758 1577 1850 1650 esso}

224 1713 322 1786 docet
347 1715 485 1807 insignis
513 1709 669 1806 Gregorii
694 1710 900 1783 Turonensis
926 1709 1020 1782 locus
1054 1713 1088 1783 in
1123 1707 1189 1782 irae
1222 1709 1382 1782 historiae
1405 1707 1623 1784 Francorum.
1633 1707 1667 1756 ‘¹'
1722 1709 1846 1800 Qualis·

223 1871 308 1924 vero
344 1849 430 1923 liaeo
464 1853 620 1923 institutio
653 1847 773 1938 iuerit,
809 1870 855 1921 ex
890 1845 1011 1920 eodem
1047 1844 1214 1943 Gregorio
1249 1843 1484 1920 Turonensi¹⁰
1520 1869 1730 1942 cognoscere
1759 1849 1839 1921 licet

224 1991 456 2083 conquerentis
492 1986 644 2084 adeoque
678 1987 948 2079 ingemiscentis,
983 1983 1072 2080 quod
1099 1983 1284 2058 liberalium
1310 1982 1480 2058 literarmu
1506 1985 1614 2060 studia
1640 2011 1659 2060 a
1687 1983 1845 2060 Gallica-.

224 2129 275 2198 nis
301 2125 437 2200 urbibus
463 2147 603 2223 prorsus
630 2123 843 2197 discesserint
869 2126 1041 2220 omnisque
1067 2120 1231 2196 bonerum
1257 2124 1375 2196 artium
1402 2123 1530 2197 cultura
1556 2124 1708 2222 perierit,
1734 2143 1840 2220 seque

223 2268 330 2362 ipsum
364 2265 555 2336 excusantis
591 2259 634 2335 ob
669 2261 747 2358 styli
772 2264 987 2334 rusticitatem
1022 2263 1223 2358 veniamque
1258 2285 1278 2333 a
1312 2259 1500 2357 legentibus
1526 2255 1856 2359 precanti's‘s'si'iu‘
1885 2262 1920 2272 “’

223 2402 327 2475 literis
353 2402 467 2474 autin
495 2398 632 2496 syllabis
660 2409 765 2473 artem
790 2402 1039 2494 grarrrmaticarn
1066 2402 1265 2492 excesserit,
1293 2398 1336 2471 de
1353 2422 1427 2496 qua
1454 2397 1595 2498 adplene
1620 2421 1659 2474 se
1681 2397 1841 2474 imbutum

224 2562 302 2614 osse
327 2549 438 2634 negat.
451 2535 484 2582 ¹³³
537 2537 656 2636 Neque
687 2537 753 2612 boc
778 2540 896 2611 mirmn
922 2535 1030 2612 videri
1056 2539 1198 2634 poterit,
1233 2535 1514 2632 hlcrovingorum
1540 2539 1680 2635 imperio
1707 2540 1741 2612 in
1767 2534 1848 2612 dies'

223 2680 330 2774 magis
358 2674 535 2770 dilabente,
562 2685 629 2750 tota
655 2673 821 2774 republica
847 2674 942 2749 bellis
968 2683 1025 2746 aut
1051 2674 1270 2748 seditionibus
1298 2673 1489 2750 domesticis
1515 2683 1663 2768 uexata,
1697 2674 1845 2782 ecelesia¹

225 2815 376 2891 omnibus
401 2813 497 2888 unalis
522 2836 659 2912 pressa:
685 2814 769 2888 adeo
796 2821 832 2887 ut
847 2813 1026 2904 ,uterorum
1052 2813 1160 2888 studia
1185 2813 1243 2888 vel
1271 2815 1379 2909 magis
1401 2812 1661 2909 languescerent
1677 2835 1842 2912 prorsus·-

227 2976 292 3050 que
321 2954 494 3046 jacerent;
528 2941 637 3049 neque
672 2955 779 3045 euim,
813 2960 848 3024 ut
883 2949 995 3025 scribit
1027 2950 1213 3025 Monachus
1239 2945 1547 3048 Egolismensis,¹⁴³
1574 2960 1651 3025 aute
1688 2950 1847 3027 carolum
1884 3045 1886 3048 ι

226 3090 386 3187 Magnum
420 3092 454 3164 iu
491 3090 722 3164 Gallia'ullum
748 3090 856 3164 iuerat
881 3088 1023 3164 studium
1049 3088 1235 3164 liberalium
1262 3093 1399 3163 artium:
1425 3093 1537 3186 itaque
1563 3111 1625 3190 per
1645 3088 1732 3164 haee
1747 3099 1845 3196 tem·-

227 3251 311 3326 pora
347 3252 544 3326 quamquam
580 3237 881 3303 commemorantur
915 3223 1022 3302 viri¹⁵l
1057 3225 1145 3301 docti
1180 3226 1349 3322 nonnulli,
1383 3231 1440 3326 qui
1473 3227 1533 3304 uel
1558 3251 1678 3326 regum
1703 3229 1845 3304 ministri
1923 3221 1925 3225 ’
2041 3318 2045 3326 ¹

226 3367 285 3442 vet
310 3367 470 3467 Episcopi
495 3366 735 3442 sacerdotesve
761 3366 865 3439 literis
892 3363 1040 3439 colendis
1067 3387 1205 3466 operam
1232 3365 1396 3458 dederint,
1423 3375 1535 3440 tomen
1560 3370 1622 3441 vix
1648 3367 1843 3466 quidquam,

229 3505 317 3602 quod
350 3503 460 3579 bonae
496 3505 602 3601 irugis
636 3508 679 3579 sit
710 3529 751 3578 ac
786 3504 921 3600 dignum
956 3502 1045 3598 quod
1080 3526 1156 3578 curn
1192 3506 1400 3601 antiquorum
1426 3505 1654 3578 Romanorum
1688 3502 1845 3604 operibus

231 3641 379 3716 conferri
403 3645 521 3740 possit,
548 3642 709 3741 prolatum
736 3664 812 3716 esse
839 3645 1045 3739 reporimus„
1087 3640 1207 3737 Neque
1241 3640 1416 3715 meliorem
1445 3641 1550 3718 luisse
1574 3642 1745 3716 literarum
1770 3651 1847 3716 sta-

232 3789 300 3852 turn
335 3803 397 3878 per
432 3781 514 3855 alias
550 3780 763 3855 occidentalis
798 3780 954 3877 Europae
989 3781 1170 3876 regiones,
1204 3783 1233 3855 si
1268 3803 1374 3878 pauca
1402 3781 1458 3854 illa
1485 3783 1635 3878 excipias
1662 3779 1848 3855 liberalium

233 3922 352 3991 artium
377 3922 540 4014 vestigia,
574 3940 636 4016 per
660 3918 785 3991 ltaliam
811 3928 910 4014 atquc
935 3916 1129 3992 Hiberniam
1155 3927 1311 4010 servata,
1346 3921 1411 3993 viu
1446 3929 1498 3994 est
1524 3917 1613 4015 quod
1639 3939 1848 4012 moneamus,

235 4054 478 4151 tmrendumquc
513 4079 596 4131 sane
631 4066 723 4147 arat,
758 4079 803 4130 nc
837 4054 998 4129 bonarum
1024 4059 1144 4130 artium
1170 4055 1279 4130 studia
1306 4081 1327 4130 a
1353 4054 1494 4131 Graecis
1521 4080 1563 4130 ac
1587 4055 1752 4133 Romanis
1779 4072 1849 4130 ex·'
1895 4129 1898 4134 A

234 4193 321 4266 culta
356 4195 566 4290 posterisque
602 4193 718 4266 tradita
752 4197 883 4291 penitus
909 4193 1091 4267 interirent
1145 4193 1272 4290 Aque
1298 4196 1432 4268 interitu
1457 4191 1564 4269 bonas
1591 4193 1707 4270 literas
1731 4191 1849 4270 viudi-
1962 4201 1965 4208 “

234 4352 331 4405 casse
365 4330 568 4426 easdemque
602 4330 646 4405 ad
680 4353 814 4404 omncar
847 4335 1074 4431 posteritatem
1108 4354 1318 4432 propagasse
1353 4329 1511 4407 Carolum
1536 4331 1697 4428 Magnum
1730 4335 1849 4408 merito

179 4447 182 4452 ⁵
234 4470 493 4566 pronuntiamus.
504 4465 539 4514 '⁶'

340 4603 451 4694 Quia
478 4627 544 4701 quo
571 4617 721 4706 temporo
748 4611 845 4703 regni
871 4605 1097 4703 gubernacula
1123 4610 1290 4708 suscepit,
1327 4607 1370 4681 de
1396 4630 1504 4703 reguo
1532 4605 1708 4706 augendo,
1742 4604 1850 4682 stabi-

235 4741 360 4835 liendo,
386 4740 546 4816 tirrnando
573 4747 734 4841 cogitans
762 4769 838 4818 cum
865 4747 899 4818 in
925 4753 1013 4818 unta
1040 4748 1186 4819 omnium
1212 4769 1327 4820 rerum
1348 4745 1598 4844 perturbatione
1616 4745 1851 4840 literarumque

237 4881 364 4959 incuria
393 4902 433 4954 se
459 4882 567 4978 ipsum
593 4879 721 4956 tirmum
747 4892 837 4957 stare
863 4885 1026 4979 regnique
1052 4883 1138 4957 sines
1160 4884 1246 4956 tucri
1267 4865 1520 4980 haudquaquam
1540 4904 1642 4983 posse
1659 4882 1853 4958 intellexis-

237 5025 300 5113 set,
326 5020 389 5093 nisi
415 5018 509 5094 viros
530 5019 699 5094 literamm
724 5022 931 5116 antiquarum
956 5020 1160 5094 institutione
1183 5015 1272 5095 bene
1294 5020 1446 5096 excultos
1468 5019 1611 5118 indeque
1638 5029 1735 5121 aptos
1758 5027 1854 5098 esset
