4524 6054
899 813 948 888 19

118 1036 204 1101 tatus
229 1029 283 1117 sit,
310 1022 498 1097 moduodum
526 1019 635 1095 debito
662 1041 759 1095 mare
785 1022 996 1118 exposuerit,
1022 1028 1059 1092 ut
1084 1017 1279 1093 enarrandis
1306 1021 1513 1114 acquieverit
1537 1017 1728 1096 morborum

118 1165 262 1239 historiis
289 1159 560 1256 adducendisque
586 1185 687 1259 supra
714 1161 891 1232 nominatis
918 1157 1066 1249 calculis,
1094 1156 1230 1253 quibus,
1256 1167 1293 1230 ut
1314 1159 1385 1252 jam
1409 1159 1587 1249 nuendum,
1613 1161 1729 1233 maxi-
1847 1242 1852 1252 ¹

119 1326 207 1377 mum
234 1300 276 1375 ad
303 1309 432 1398 partem
460 1297 657 1394 deneganda
693 1307 746 1371 est
779 1295 874 1370 troes.
925 1293 1146 1391 Nequaquam
1181 1297 1282 1392 igitur
1306 1297 1540 1371 commentatio
1566 1295 1651 1372 baec
1675 1299 1730 1393 iis,

119 1461 205 1538 quae
230 1442 454 1536 requiruntur,
479 1440 524 1510 ita
550 1435 743 1534 respondet,
770 1445 804 1508 ut
830 1442 948 1508 auctor
973 1435 1047 1527 ejus
1075 1431 1194 1529 dignus
1222 1431 1410 1508 censendus
1435 1437 1479 1508 sit
1501 1437 1650 1532 praemio
1672 1445 1730 1511 aut

117 1575 251 1651 laudem
276 1586 444 1649 urerentur
469 1575 586 1664 aliam,
613 1595 711 1670 quam
739 1593 825 1669 quae
851 1595 1015 1666 magnae,
1042 1573 1136 1665 eujus
1161 1569 1292 1645 libellus
1317 1581 1371 1646 sat
1394 1570 1568 1646 manifesta
1593 1573 1730 1650 exhibet

118 1717 308 1814 specimina,
335 1735 459 1811 operae
485 1710 624 1785 debetur
648 1722 749 1808 atque
775 1710 967 1786 assiduitati.

227 1851 468 1926 commentatio
496 1859 611 1923 contra
638 1848 755 1941 altera,
782 1852 835 1922 cui
861 1848 1007 1944 Baglivii
1033 1849 1188 1946 inscripta
1215 1857 1293 1923 sunt
1315 1845 1432 1940 verba,
1459 1850 1618 1923 scientiae
1639 1872 1731 1924 oon-2

2 2087 3 2092 Ἰ
118 2001 313 2066 sentaneum
338 2011 420 2087 prae
446 2012 485 2062 se
511 1987 576 2060 lert
603 1996 765 2062 tenorem.
818 1987 950 2061 Auctor·
975 1990 1065 2060 enim
1091 1988 1164 2080 ejus
1190 2008 1258 2059 uon
1284 1984 1405 2078 modo,
1438 2009 1537 2084 quam
1569 1998 1730 2084 sequutus

118 2139 190 2222 est,
225 2124 449 2221 investigandi
484 2124 673 2199 ruretbodum
710 2126 865 2200 sollerter
890 2134 991 2221 atque
1017 2127 1190 2222 perspicue
1217 2125 1430 2223 explanavit,
1463 2147 1583 2199 verum
1617 2130 1731 2222 etiam,

118 2266 206 2365 quod
231 2266 345 2360 magui
370 2261 555 2337 babendum
573 2275 626 2338 est
651 2267 819 2356 momenti,
844 2263 985 2337 launum
1003 2285 1155 2335 errorum
1172 2265 1205 2335 in
1225 2262 1390 2356 ejusmodi
1414 2264 1730 2363 perscrutationibus

2 2498 3 2501 Ἴ
119 2404 294 2480 obviorum
320 2401 381 2476 sibi
408 2405 561 2476 conscius
588 2401 649 2477 luit
675 2425 801 2500 eosque
827 2406 891 2476 rite
917 2403 1076 2500 respexit.
1128 2398 1304 2476 blateriem
1331 2401 1533 2477 tractandam
1553 2413 1728 2502 praeterea
1763 2483 1766 2488 ,

2 2625 5 2638 ‚
118 2545 246 2616 ratione
276 2539 331 2614 bui
358 2545 531 2640 proposito
564 2539 748 2639 adaequata
783 2539 961 2634 distribuit,
987 2560 1051 2612 nec
1076 2561 1145 2614 non
1169 2538 1375 2615 literaturam
1402 2540 1544 2615 adrem
1568 2546 1729 2641 spectan-

118 2689 185 2755 tem
210 2678 252 2753 ud
278 2683 433 2754 amussim
465 2679 637 2772 consuluit.
689 2678 727 2750 ln
755 2677 916 2773 adjunctis
951 2674 1145 2751 morborum
1178 2677 1324 2754 historiis
1356 2679 1433 2754 bbnc
1462 2679 1540 2754 inde
1565 2679 1729 2781 speciales

118 2815 251 2917 quidem
276 2816 506 2892 desiderantur
532 2818 574 2891 ad
600 2817 759 2892 resultata
786 2817 971 2914 analpsium
999 2816 1221 2890 chenricorum
1246 2816 1438 2894 relationes.
1492 2814 1616 2895 contra
1640 2842 1729 2895 vero

2 3040 3 3057 χ
116 2955 214 3029 laude
241 2954 375 3050 dignum
400 2978 440 3031 se
464 2945 606 3030 reddidit
632 2966 768 3048 auctor,
802 2954 890 3051 quod
924 2954 1008 3030 lines
1042 2956 1192 3030 thematis
1228 2954 1389 3030 tractandi
1424 2978 1501 3029 eum
1534 2959 1570 3030 in
1595 2955 1729 3030 modum

2 3171 3 3197 3
117 3103 169 3167 est
195 3104 444 3189 transgressus,
481 3105 517 3168 ut
549 3095 616 3170 boo
649 3098 824 3169 curuamine
858 3093 901 3167 ad
937 3094 1169 3168 conclusiones
1202 3093 1382 3193 perductus
1417 3093 1537 3188 luerit,
1571 3117 1658 3189 quae
1683 3115 1728 3169 eo

117 3231 315 3308 firmioribus
341 3237 487 3307 nituntur
511 3232 635 3308 tuteris.
690 3233 903 3332 Quapropter
926 3232 1019 3307 Ordo
1042 3232 1226 3307 decernere
1248 3256 1318 3307 uon
1343 3233 1532 3330 haesitavit,
1558 3242 1728 3309 auctorem

2 3463 5 3486 Ι
117 3369 257 3466 hujusce
283 3375 569 3446 commentationis
595 3373 747 3471 praemio
775 3393 853 3447 esse
879 3371 1075 3447 ornandum.
1513 3354 1520 3368 ⁸

221 3542 386 3618 Sclredula
414 3544 545 3619 reclusa
572 3567 696 3621 nomen
723 3553 896 3646 comparet
1006 3571 1011 3580 ’

750 3715 936 3792 salonio
962 3714 1088 3791 moos

754 3877 775 3928 e
801 3859 878 3932 vico
904 3855 1084 3952 Randegg.

221 4059 313 4149 Ordo
348 4061 718 4162 pbilosophorum
744 4063 832 4137 banc
859 4067 1090 4158 quaestionem
1115 4061 1307 4136 historicam
1332 4072 1573 4160 proposuerat:
1617 4061 1727 4157 „Dis-

116 4207 247 4272 seratur
273 4199 452 4273 secundum
480 4213 650 4276 auctorum
678 4204 886 4293 testimonia,
913 4224 1055 4295 numos,
1089 4203 1343 4300 inscriptiones,
1379 4197 1421 4274 de
1455 4198 1557 4276 rebus
1583 4197 1728 4277 cler-

117 4337 273 4410 sonesi
298 4336 520 4414 Tauricae
554 4339 632 4414 inde
664 4365 685 4414 a
711 4339 902 4438 primordiis
938 4339 1144 4415 coloniarum
1179 4337 1384 4413 Graecarum
1414 4338 1593 4438 usquead
1627 4340 1728 4430 inem

116 4474 213 4569 regni
238 4472 544 4574 Bosporitani.

218 4610 294 4686 Una
321 4623 445 4688 tantum
472 4615 583 4692 oblata
611 4626 662 4691 est
688 4619 941 4708 commentatio,
975 4615 1040 4691 hae
1064 4619 1230 4691 sententia
1255 4616 1353 4691 Plinii
1377 4613 1525 4692 Secundi
1549 4619 1726 4715 inscripta:

118 4750 211 4846 „Res
230 4749 333 4824 ardua
352 4757 495 4827 vetustis
512 4759 694 4830 ruovitatcm
714 4755 807 4849 dare,
832 4757 932 4830 novis
951 4759 1191 4848 auctoritatem,
1218 4753 1377 4831 obsoletis
1395 4759 1548 4850 nitorem,
1573 4753 1727 4832 obscuris

2 4993 3 5004 Ν
115 4887 235 4981 lucem,
253 4886 407 4963 fastiditis
424 4893 577 4987 gratiam,
596 4892 704 4969 dubiis
717 4892 829 4988 iidem,
847 4892 1000 4968 omnibus
1016 4915 1102 4969 vero
1120 4904 1271 4968 natumm
1292 4903 1327 4968 ct
1347 4902 1485 4968 naturae
1504 4914 1586 4968 suae
1603 4893 1733 4968 omnia-

115 5023 231 5124 ltaqno
258 5029 356 5103 etiam
382 5050 449 5105 non
476 5034 639 5106 assecutis
665 5032 817 5109 voluisse
844 5030 975 5106 abunde
1000 5030 1171 5132 pulchrum
1197 5042 1298 5131 atque
1324 5028 1533 5128 magnificum
1559 5027 1645 5108 esl.“
